3009 5000
273 396 332 459 184
545 394 758 456 flonstll
789 395 1033 459 aelerets

279 597 409 668 Dixeris
430 596 577 690 egregie,
601 603 722 666 notum
743 599 772 666 ei
794 596 916 670 callide
938 597 1080 670 verbum
1232 604 1291 672 4r.·

181 790 184 795 ,
279 713 475 788 Reddiderit
491 713 650 785 iunctura
666 736 804 787 norum.
829 717 865 788 Si
881 717 969 789 forte
985 739 1118 791 neeesse
1137 728 1191 790 est
1208 774 1211 781 .
1232 730 1291 792 48.

499 1017 541 1066 vt.
804 1014 939 1079 eenieege,
954 1029 1002 1062 non
1017 1029 1032 1061 a
1047 1027 1102 1062 sero
1116 1006 1185 1075 se'm',
1202 1011 1248 1060 hoe
1264 1020 1301 1060 est

409 1158 411 1165 Ι
635 1155 640 1161 ἣ
805 1100 912 1161 semine,
930 1107 955 1146 et
967 1096 1123 1164 reprehendit
1139 1114 1192 1160 eos,
1203 1098 1251 1164 'qui
1264 1086 1302 1145 se-

291 1185 756 1252 lreerbiepolelerumestuls'eeooo·
803 1184 889 1233 renate
914 1201 930 1234 s
952 1184 1095 1232 eminendo
1117 1192 1247 1249 repetunt,
1276 1192 1303 1231 et

306 1288 351 1336 re,
375 1275 430 1322 elie
453 1287 484 1320 ee
507 1273 610 1335 entique
634 1277 739 1334 tempore
803 1268 1010 1318 contrariamhuie
1023 1268 1303 1318 loeoseutentiamaffiu·

214 1352 216 1357 ’
285 1372 289 1377 ’
348 1359 422 1422 quasi
436 1359 467 1407 ire
482 1358 562 1406 eitam
577 1369 698 1407 revocare.
806 1364 875 1420 gunt.
892 1353 1004 1421 Equidem
1017 1370 1090 1403 unum
1103 1354 1171 1402 modo
1185 1371 1234 1403 esse
1247 1369 1304 1403 sero

575 1484 580 1493 ,
804 1438 919 1503 arbitror,
938 1438 982 1488 'sed
1005 1438 1095 1506 duplex
1118 1456 1164 1489 usu
1179 1446 1304 1506 receptum

306 1531 340 1581 Ire
355 1530 437 1579 verbis
450 1531 528 1578 etiem
545 1530 774 1590 tenuiseaetosque
806 1526 948 1591 perfeetum.
973 1525 1050 1574 Prima
1072 1526 1138 1574 notio
1158 1541 1250 1592 semper
1266 1535 1303 1574 est

274 1615 396 1665 serendis.
417 1614 539 1664 Bentleius
561 1602 690 1663 rectissime
709 1611 773 1660 hune
805 1613 934 1660 sernieere.
949 1611 1073 1674 Horatius,
1084 1611 1207 1677 puto,hie
1217 1612 1303 1660 melius

274 1717 369 1750 versum
378 1702 458 1767 posuit
466 1710 522 1750 ente
532 1717 566 1749 vs.
574 1701 616 1749 ts.
632 1699 685 1747 Hoe
692 1706 771 1762 amet,
803 1696 951 1763 scripsisset:
975 1699 1008 1746 In
1023 1698 1105 1746 verbis
1125 1700 1203 1746 etiem
1220 1698 1305 1747 teeoe's

274 1787 318 1836 lsoe
338 1794 441 1852 spernet
449 1786 574 1851 pronisse'
591 1785 713 1833 eorrrirre's
727 1799 772 1832 ae·
802 1792 936 1847 eretusque
949 1784 1068 1848 legendis.
1084 1784 1141 1849 igit
1152 1782 1303 1833 nimirumde

272 1880 337 1924 oter.
363 1872 513 1935 »Restituo,
533 1871 630 1937 inquit,
649 1869 707 1918 huie
723 1885 776 1917 ver-
808 1867 904 1917 deleetu
927 1868 1061 1918 verborum.
1085 1869 1134 1918 Hoe
1153 1868 1243 1933 verbo,
1267 1871 1304 1919 iu·

272 1959 314 2007 sui
335 1974 405 2007 suum
428 1957 507 2006 locum
528 1966 554 2005 et
577 1954 701 2017 ordinem,
725 1956 774 2002 iem
807 1954 876 2019 quit,
892 1954 964 2004 Poeta
980 1964 1078 2018 utetur,
1093 1955 1137 2004 illo
1152 1972 1200 2004 uon
1210 1965 1305 2006 utetur.

272 2042 329 2110 plus
349 2042 418 2091 mille
436 2057 522 2103 annos,
543 2050 572 2089 ut
589 2056 618 2088 ex
634 2039 715 2087 Servio
729 2055 773 2104 pa-
804 2038 945 2088 conteratur
957 2039 1037 2088 Cicero
1050 2039 1079 2089 ds
1092 2041 1188 2090 Oratore
1199 2043 1303 2105 111,et,

276 2129 459 2191 tet,amissum;
478 2142 552 2193 eoque
565 2123 700 2190 indignius,
713 2123 778 2190 quod
809 2126 859 2187 38,
883 2123 928 2174 ubi
948 2123 1055 2191 disputat
1075 2125 1105 2176 de
1126 2129 1239 2193 singulis
1252 2145 1305 2183 rer-

277 2212 308 2263 de
318 2211 403 2261 Ordine
412 2214 461 2261 iam
469 2228 532 2260 nune
540 2209 689 2259 tractandum
698 2213 777 2259 eret.”
810 2209 862 2273 bis,
878 2220 908 2258 ut
922 2211 1048 2275 Horatius,
1070 2221 1121 2260 tum
1137 2211 1167 2262 de
1184 2216 1305 2263 continua-

277 2299 365 2349 Mirum
388 2298 501 2346 Britanno
526 2294 648 2345 turbatum
672 2294 779 2345 ordinem
811 2296 843 2344 tis
860 2296 1047 2363 coniunctisque.
1065 2298 1092 2347 ln
1108 2297 1180 2347 verbo
1197 2300 1304 2366 sirnpliee

169 2396 177 2407 ·
275 2384 318 2436 liic
333 2384 392 2443 adeo
406 2382 568 2450 displicuisse,
586 2393 611 2431 et
627 2381 775 2447 displicuisse
809 2382 914 2448 explieat
942 2385 1111 2447 inusitatum,
1140 2393 1256 2434 rosetum
1279 2394 1305 2435 et

275 2471 455 2533 vehementius,
476 2470 534 2536 quia
554 2467 584 2517 de
602 2467 695 2516 Ordine
710 2483 774 2516 nune
807 2469 974 2518 translatore:
986 2469 1012 2518 in
1028 2468 1224 2521 omnibusautem
1241 2470 1305 2521 dele·

277 2567 330 2607 erat
345 2553 503 2606 tractandum.
526 2553 571 2600 Cur
586 2551 649 2601 idem
665 2552 711 2600 ille
724 2553 776 2601 Bri·
804 2562 872 2626 ‘ctum
889 2570 938 2602 esse
952 2553 1112 2620 adhibendum
1126 2557 1203 2607 docet.
1220 2559 1247 2606 lu
1260 2557 1306 2610 teli

277 2651 364 2691 tonnus
384 2637 491 2692 ordinem
514 2635 638 2687 turbatum
659 2647 708 2686 tam
731 2654 773 2703 pa·
805 2636 901 2688 delectu
914 2639 1025 2689 Horatius
1037 2641 1092 2690 vult
1104 2652 1198 2708 poetsm
1211 2660 1260 2693 esse
1269 2653 1305 2693 te·

276 2726 368 2776 tieuter
388 2723 446 2773 tulit
466 2725 492 2773 in
517 2732 568 2773 tota
588 2723 707 2790 Epistola,
732 2723 777 2773 illa
808 2740 880 2773 nuem
902 2734 927 2774 et
944 2735 1048 2777 cautum
1074 2728 1122 2777 lem
1138 2731 1211 2778 verbu
1225 2745 1306 2779 serere

277 2809 397 2879 Epistola,
422 2825 484 2877 quae
505 2807 550 2858 hoe
572 2809 670 2858 consilio
690 2810 780 2875 scripta
811 2810 944 2875 signifieare
957 2813 1121 2877 potest‘verba
1136 2832 1196 2864 nova
1208 2831 1305 2879 errare,

209 2882 217 2893 ⁰
279 2907 330 2961 est,
343 2907 372 2946 ut
384 2897 478 2946 Pisones
487 2893 594 2958 doceret,
607 2893 781 2961 quidiul'oesi
806 2894 910 2959 serere,
927 2899 995 2963 quasi
1010 2900 1140 2950 seminare.
1164 2901 1223 2966 Sed,
1240 2919 1309 2968 prae-

280 2994 344 3034 esset
356 2982 470 3049 elegans?
484 2982 558 3047 Atqui
571 2981 668 3046 elegans
680 2981 732 3029 sine
745 2996 783 3027 or-
815 2990 923 3048 terquam
938 2982 1002 3049 quod
1016 2983 1079 3033 illud
1094 2985 1204 3052 ambigue
1220 2988 1260 3037 hie
1273 3005 1309 3038 ea·

279 3069 336 3119 dine
360 3068 462 3134 eogitari
481 3084 530 3118 non
555 3075 642 3131 potest.
669 3065 780 3115 Horatius
812 3077 850 3116 set
865 3067 968 3132 dietum,
989 3072 1063 3135 quie,
1080 3081 1109 3119 ut
1124 3072 1240 3137 vidimus,
1256 3090 1309 3123 rer·

280 3171 337 3220 ergo
358 3154 463 3219 turpiter
486 3153 611 3218 neglexit,
637 3150 702 3217 quod
725 3151 781 3201 aliis
813 3154 939 3203 deserere
961 3154 1101 3222 plerumque
1125 3160 1308 3224 significator*

282 3236 783 3304 summoperecommendarit,ldemest,ae
814 3253 908 3287 ruerem
923 3241 1024 3302 lubere,
1044 3241 1154 3293 Horatius
1177 3263 1224 3294 non
1239 3248 1309 3296 unice

281 3326 304 3375 si
325 3323 380 3389 quis
403 3323 485 3390 inepta
507 3333 533 3372 et
554 3320 654 3372 barbara
675 3324 782 3372 oratione
816 3323 924 3389 loquitur
939 3324 968 3374 de
981 3328 1153 3380 eurisvsrbs's.
1167 3333 1196 3380 lit
1208 3348 1261 3380 eum
1274 3331 1311 3382 di·

282 3407 412 3474 discipulos
426 3423 481 3460 suos
495 3406 649 3471 adhortetur,
666 3418 695 3457 ut
711 3409 781 3489 eusti-
813 3410 904 3458 either
921 3419 1002 3476 erret,
1018 3414 1061 3462 dee
1076 3423 1190 3481 spernet,
1207 3417 1311 3468 ostendit

193 3544 201 3550 ,
283 3503 340 3562 geta
362 3503 387 3542 et
408 3491 510 3560 pulchra
525 3493 655 3543 latinitate
671 3504 780 3544 utantur.
814 3511 842 3543 ea
865 3494 938 3545 verba
961 3514 1008 3547 non
1033 3515 1081 3548 esse
1103 3517 1181 3565 eote,
1206 3501 1309 3552 sedium

283 3581 372 3631 Serere
383 3588 464 3629 eutem
478 3588 502 3627 et
514 3593 637 3627 emerere
650 3582 722 3628 verba
733 3580 785 3645 ple·
817 3589 925 3632 restare.
941 3582 997 3632 Cum
1010 3583 1077 3634 addit
1088 3587 1186 3636 disseris
1197 3590 1310 3654 egregie,

283 3681 385 3733 rumque
396 3663 485 3714 dieitur
498 3663 528 3713 de
539 3664 651 3712 contiuua
664 3667 785 3728 oratioue,
817 3665 848 3715 ad
863 3684 949 3717 novum
965 3681 1117 3737 praereptum
1132 3674 1225 3723 transit.

284 3762 314 3802 ut
337 3766 470 3801 monem
490 3763 587 3813 serere,
612 3766 660 3798 uon
680 3749 738 3798 adeo
755 3750 785 3801 de
848 3754 1075 3822 Dixerisegregs's.
1092 3758 1313 3826 InllSJlamingii

284 3839 398 3905 singulis
420 3834 558 3900 vocabulis,
582 3833 612 3884 de
636 3833 724 3902 quibus
744 3835 786 3885 hie
817 3840 915 3888 dixerit
929 3843 1036 3908 egregie.
1060 3843 1143 3908 Quod,
1164 3855 1192 3894 ut
1207 3846 1267 3895 alias
1281 3864 1312 3896 ex

285 3926 376 3990 agitur.
397 3922 456 3973 tile
479 3921 628 3988 Oudendorp.
650 3920 681 3970 ad
695 3922 784 3988 Appul.
817 3924 862 3973 illo
876 3925 922 3975 HS.
937 3936 961 3975 et
977 3928 1087 3978 D‘Orrill.
1101 3940 1127 3978 et
1139 3931 1227 3981 Duker.
1240 3950 1255 3982 a
1269 3950 1313 3981 ne·

284 4008 380 4061 letum.
389 4009 408 4058 1.
425 4025 451 4076 p.
461 4010 485 4058 9.
501 4008 603 4057 Francus
617 4009 735 4074 interpres
747 4024 785 4057 se·
817 4012 881 4060 mine
897 4028 927 4061 ex
944 4012 1004 4061 HSS'.
1020 4015 1070 4063 suis
1084 4025 1193 4066 notatum
1208 4016 1266 4068 ridi.

283 4095 371 4145 rerrdr's
386 4094 480 4145 derivat
495 4110 577 4144 asero
589 4095 672 4157 serui,
690 4092 736 4144 hue
749 4104 786 4144 est
850 4098 944 4146 Notum
958 4100 985 4147 εἰ
998 4100 1092 4149 eollide
1104 4103 1202 4152 verdum
1223 4103 1315 4153 esde·
