3009 5000
305 467 343 528 58
565 468 778 531 acuatu
808 469 1049 529 EPISTOLA

328 669 480 741 interemi
500 670 664 761 multum,
689 669 846 740 Davusne
865 668 1044 762 loquatur,
1069 693 1112 739 an
1134 668 1252 756 heros3

296 893 391 957 equites
410 901 550 958 putresque.
583 894 634 941 Non
656 893 691 941 ita
707 908 792 958 magua
822 908 877 940 nem
901 895 1109 942 suouetaurilibus
1128 895 1257 942 lustravit,
1281 893 1319 942 lbi

297 980 396 1026 mutatio
418 988 468 1036 est;
486 979 519 1027 ‘et
543 978 646 1045 proclive
671 987 738 1040 erat,
763 986 791 1025 ut
823 979 870 1026 iam
883 978 920 1026 Fr.
930 978 1037 1027 Sanctius
1049 978 1121 1026 verba
1131 979 1223 1028 Horatii
1234 995 1319 1026 memo-

294 1072 348 1128 post
361 1066 456 1127 equites
464 1066 565 1130 pedites
572 1063 719 1113 inducerent.
736 1063 793 1111 Nos·
823 1066 898 1127 ravit,
916 1066 983 1129 quasi
996 1064 1058 1112 idem
1067 1066 1235 1134 significarem.
1252 1064 1320 1112 Vides

295 1158 332 1197 ter
348 1151 411 1198 infra
426 1168 448 1200 v.
466 1153 523 1199 248.
548 1150 710 1212 Offleduutur
725 1151 792 1197 enim
823 1160 903 1198 autem
911 1151 1003 1198 Livium
1011 1149 1039 1198 de
1048 1152 1158 1198 exercitu
1165 1151 1240 1215 loqui.
1252 1151 1319 1198 Prae·

295 1238 383 1299 quibus
403 1244 441 1284 est
462 1251 536 1299 equus
553 1243 579 1283 et
594 1244 670 1300 puter
691 1241 717 1282 et
737 1251 792 1283 res:
824 1244 889 1283 terea
910 1237 1004 1299 equites
1020 1234 1123 1283 noudum
1145 1234 1320 1295 constituebant

295 1321 347 1371 Nee
362 1324 388 1387 si
402 1322 463 1385 quid
465 1321 548 1382 fricti
562 1322 652 1369 ciceris
663 1322 754 1384 produt
766 1328 793 1367 et
823 1322 917 1385 privum
938 1321 1059 1382 ordinem,
1081 1337 1151 1385 quem
1175 1319 1320 1385 temporibus

294 1410 366 1456 nucis
379 1413 468 1468 emtor,
484 1406 577 1469 Aequis
592 1408 720 1470 oempiuet
736 1407 791 1453 eni·
822 1405 979 1454 Gracchorum
1003 1408 1145 1454 constituere
1169 1408 1318 1471 inceperunt.

294 1495 344 1540 mis
356 1493 474 1540 donantve
483 1507 576 1541 cerum.
592 1491 674 1554 Vides,
690 1493 790 1556 opinor,
822 1490 936 1538 Solemnis
948 1491 1051 1539 formula
1067 1501 1102 1540 est
1115 1493 1212 1554 equites
1220 1500 1320 1555 potres·

295 1579 390 1641 equites
411 1587 435 1625 et
443 1585 544 1641 patres,
565 1587 594 1626 ut
610 1577 667 1626 locis
681 1578 707 1626 in
724 1575 791 1624 thea-
823 1592 881 1640 que,
899 1579 1005 1640 populus
1021 1585 1170 1641 putresque,
1188 1578 1258 1641 plebs
1274 1593 1320 1641 pe-

296 1672 346 1726 tro,
367 1665 402 1711 ita
418 1673 442 1711 et
456 1662 591 1726 iudiciis,a
607 1663 694 1729 populo
711 1662 792 1711 discri-
825 1670 937 1726 tresque,
962 1679 1032 1728 maur
1052 1663 1174 1711 Bentleius
1197 1664 1244 1711 iam
1263 1663 1320 1712 illu·

295 1750 392 1798 minari:
414 1749 469 1798 illos
493 1749 553 1798 solos
573 1752 599 1797 in
618 1748 656 1798 bis
673 1750 791 1797 Musarum
823 1758 938 1797 straverat
950 1747 980 1796 ad
991 1748 1084 1797 Horatii
1092 1749 1164 1797 Caum.
1174 1749 1318 1812 111,v1,2s.

296 1834 363 1883 donis
379 1834 496 1899 legitimos
518 1845 541 1882 et
559 1835 669 1883 honestos
685 1851 791 1883 censores
823 1834 905 1882 Nostro
929 1833 980 1882 loco
1003 1836 1088 1883 eximie
1105 1836 1170 1882 favet
1186 1834 1320 1899 exemplum

296 1937 359 1980 esse3
377 1919 526 1986 plebeculam
541 1937 595 1969 cum
609 1922 683 1968 eicere
697 1936 739 1969 suo
756 1920 793 1969 ni·
825 1919 939 1967 Martialis
951 1920 1030 1985 Epigr.
1046 1920 1113 1983 xlv,
1131 1923 1185 1968 lae.
1201 1921 1321 1977 Quemvis

295 2005 332 2054 hil
346 2005 386 2054 hic
396 2023 485 2070 sapere.
503 2004 661 2054 emmeles,
823 2020 860 2051 ete
882 2006 987 2069 ligulam
1010 2006 1096 2054 dicant
1119 2008 1259 2069 equitesque
1274 2022 1320 2069 pe

328 2089 405 2139 Habet
425 2092 471 2139 ista
489 2090 620 2138 emendatio
637 2106 716 2152 omnes
731 2091 793 2137 veri·
825 2097 937 2153 tresque,
961 2092 1038 2138 Dicor
1061 2092 1090 2138 ab
1113 2092 1223 2157 indoctis
1238 2092 1321 2156 ligula

296 2178 352 2225 tatis
367 2193 482 2225 numeros.
508 2176 617 2224 Praesero
632 2177 727 2239 equites
745 2192 792 2239 pe-
826 2177 1008 2225 Grummeticis.
1028 2177 1143 2224 Gesnerus
1163 2176 1227 2225 illud
1242 2193 1320 2225 exem-

296 2269 400 2326 teesque.
418 2262 579 2327 spectatores,
596 2260 654 2309 licet
670 2262 792 2326 compositi
824 2261 890 2326 plum
903 2264 1055 2325 monstravit,
1072 2271 1184 2310 ettamen
1199 2261 1320 2310 Bentleius
1340 2324 1342 2327 v

297 2365 326 2396 ex
337 2348 428 2413 triplici
436 2349 791 2412 petrum,equitumetpiedis
822 2349 869 2413 ipsi
889 2364 936 2396 non
957 2349 1082 2414 persuasit.
1114 2347 1264 2410 Ridiculum,
1285 2350 1320 2396 ita

296 2450 395 2500 genere,
405 2445 497 2496 umen,
507 2432 791 2481 sibuiusmodiiudicium
823 2432 942 2497 disputat,
957 2444 1029 2497 auget
1040 2433 1149 2495 Flaccus,
1165 2436 1241 2498 primo
1258 2433 1321 2500 quod

295 2522 388 2584 agitur,
413 2519 470 2567 duas
490 2527 569 2582 partes
593 2517 712 2578 efficiunt,
734 2519 791 2581 quia
818 2518 919 2580 pedites
935 2535 977 2582 pro
1001 2517 1071 2581 plebe
1096 2520 1180 2582 ponit,
1202 2521 1269 2582 quasi
1290 2519 1320 2568 de

296 2613 375 2668 patres
392 2613 416 2650 et
430 2604 521 2667 equites
534 2617 608 2649 unum
621 2599 730 2665 idemque
739 2618 791 2649 sen-
824 2603 931 2649 exercitu
952 2618 1027 2649 sermo
1053 2611 1126 2650 esset:
1155 2602 1240 2650 deiude
1264 2606 1321 2669 quia

296 2690 377 2750 tium,
402 2685 480 2752 plebis
502 2696 582 2734 autem
605 2684 720 2734 iudicium
743 2702 791 2733 nou
823 2684 1318 2752 magisridiculusestpoeta,quemetiam

296 2784 399 2827 curatur.
415 2774 517 2821 Pedites
529 2781 554 2819 et
570 2773 664 2835 equites
674 2786 789 2836 nusquam
821 2769 890 2835 plebs
903 2770 973 2840 ridet.
988 2770 1034 2819 Sed
1047 2771 1142 2821 nullum
1157 2776 1251 2823 omnino
1269 2775 1322 2841 ple·

296 2862 390 2922 inveni,
406 2860 453 2907 nisi
469 2875 496 2906 ea
509 2860 639 2919 sententia,
656 2857 794 2922 quamBen·
825 2854 863 2904 bis
882 2859 908 2905 in
926 2856 971 2905 tali
986 2874 1011 2905 re
1029 2866 1064 2905 est
1087 2857 1209 2908 iudicium.
1232 2860 1321 2925 Vulgus

297 2945 370 2994 tleius
383 2945 499 3010 exposuit.
514 2945 550 2992 lta
558 2944 645 2991 ductor
652 2942 745 3007 Elegiae
760 2940 791 2989 ad
822 2941 926 2990 habetur
942 2944 1055 3008 pessimus
1071 2946 1178 2993 veritatis
1193 2946 1320 3012 interpres.

296 3033 385 3081 Liviam
406 3030 533 3095 Augustam
556 3032 612 3079 217.
629 3028 792 3090 Armuteeque
823 3028 895 3093 Finge
915 3028 1045 3094 Telephum
1063 3030 1196 3079 mendicum
1214 3048 1320 3080 sermone

296 3133 383 3182 rogum
403 3118 524 3164 redemerit
539 3116 568 3163 de
588 3129 653 3161 mere
668 3114 790 3175 cobortes,
824 3115 913 3178 tragico
934 3115 1007 3163 suisse
1027 3114 1145 3179 locutum,
1170 3116 1215 3166 hoe
1230 3116 1321 3182 plebeii

296 3203 335 3250 Et
345 3203 421 3266 podes
436 3202 564 3265 assequtus
581 3199 667 3247 reddit
678 3214 793 3262 equesque
824 3209 967 3264 spectatores
987 3216 1106 3266 uunquam
1122 3202 1242 3263 riderent,
1263 3203 1320 3266 quia

296 3288 362 3336 duci.
379 3287 503 3336 ExPlauto
515 3284 577 3334 nihil
589 3286 649 3333 certi
658 3285 789 3334 conficitur.
823 3286 900 3332 minus
916 3284 1055 3351 sapiebant,
1080 3278 1153 3353 quam*
1171 3297 1199 3336 ut
1217 3285 1321 3334 animad-

295 3373 371 3436 Nam,
392 3382 420 3421 ut
439 3374 544 3420 omittam
563 3369 656 3419 iocandi
671 3371 791 3436 risumque
823 3379 951 3420 verterent.
968 3371 1062 3421 Carolus
1074 3375 1133 3435 Fea,
1146 3382 1269 3437 postquam
1285 3371 1320 3420 di-

296 3458 407 3525 captandi
423 3456 541 3519 studium,
556 3455 598 3505 ille
608 3456 710 3504 Romana
723 3473 792 3522 pere·
823 3466 891 3504 xerat
908 3456 1043 3505 Bentleium
1064 3456 1176 3506 audacter
1187 3467 1220 3504 -et
1235 3458 1320 3507 inscite

297 3547 418 3611 grinisita
434 3545 560 3604 immiscet,
576 3551 604 3589 ut
618 3559 645 3590 ea
659 3539 790 3590 discernere
824 3540 981 3591 emendavisse
1013 3544 1151 3606 equitesque
1171 3550 1318 3605 putresque,

296 3628 510 3679 sitdifficillimum.
529 3626 641 3675 Nonnulli
649 3625 792 3691 praesidium
824 3626 931 3675 conferre
955 3644 997 3675 nos
1023 3626 1091 3675 iubet
1111 3643 1145 3675 rs.
1168 3628 1201 3675 96
1219 3637 1243 3675 et
1262 3631 1319 3677 248,

297 3732 347 3765 esse
363 3723 506 3781 putaverunt
521 3715 546 3762 in
559 3714 657 3774 Liviol,
674 3714 713 3760 44.
733 3711 792 3759 Oen·
823 3711 907 3760 Versus
919 3714 951 3761 95
966 3711 1006 3760 bie
1022 3721 1069 3759 cst:
1088 3712 1126 3758 Et
1143 3715 1257 3777 tragicus
1267 3716 1321 3779 ple·

296 3818 327 3851 su
337 3801 447 3866 perfecte
464 3798 566 3863 (Servius
580 3796 680 3861 Tullius)
694 3797 790 3857 adierit,
824 3812 924 3860 rumque
936 3797 1002 3844 dolet
1013 3811 1121 3844 semeiae
1132 3799 1246 3861 pedestri
1250 3821 1260 3860 ,·
1278 3798 1321 3847 ubi

296 3896 328 3936 ut
341 3903 420 3935 manes
436 3887 502 3934 ciem
518 3885 636 3946 ltmseei,
650 3883 746 3946 equites
748 3896 793 3945 pe·
825 3898 899 3930 sermo
910 3883 1025 3945 pedester
1042 3891 1077 3929 est
1094 3885 1212 3946 comicus,
1229 3886 1320 3951 opposi-

296 3975 420 4038 ditesque,
436 3975 466 4021 ie
480 3973 536 4020 suis
552 3972 654 4034 quisque
668 3968 791 4015 centuriis
823 3977 862 4015 tus
879 3968 983 4031 tragico.
1000 3966 1067 4015 Alter
1074 3973 1225 4032 versus248,
1240 3971 1320 4033 Offen-

297 4062 327 4107 e'n
349 4076 431 4125 eampo
448 4059 545 4108 Martie
556 4058 642 4122 primu
658 4056 709 4102 tuce
724 4053 792 4101 udes-
825 4054 918 4100 daretur
941 4056 1006 4100 enim
1030 4055 1118 4117 quidus
1141 4063 1180 4104 est
1201 4072 1275 4119 equus
1295 4063 1320 4101 et

297 4154 360 4194 seut.
379 4147 420 4194 Iti
431 4149 581 4195 instructum
595 4143 729 4190 accercitum
745 4155 792 4187 em·
820 4146 895 4202 peter·
911 4146 937 4187 et
950 4156 1003 4200 res,
1019 4140 1090 4206 plane
1107 4143 1241 4201 confirmat,
1258 4140 1321 4205 quod
