3009 5000
258 490 279 552 o
517 486 732 552 nontin
762 458 1009 551 nnrsrors

290 693 473 788 Fingentur
497 694 642 790 speeies,
667 697 707 762 ut
729 715 794 763 neo
816 715 895 790 pes,
920 716 983 764 nee
1008 697 1111 788 eaput
1128 695 1196 764 uni

260 928 306 975 ne,
322 914 348 961 si
359 912 440 977 pudor
454 915 626 978 est,gentilis
640 915 750 979 ineptia,
784 923 826 962 ton
844 941 878 950 -
899 916 942 963 eoi
958 915 1065 962 luterum
1084 921 1156 962 tenus
1178 915 1278 979 hispido

263 1001 361 1058 tendent
382 996 432 1052 lies
455 1001 609 1063 incorporeos
621 998 754 1049 'simuletis
785 1003 860 1047 nenti
875 1002 955 1049 Frons
970 999 1090 1046 hminem
1098 1000 1225 1063 praefert,
1248 1002 1279 1047 in

256 1090 357 1152 fingere
371 1088 500 1135 membris:
519 1088 613 1136 Desine
628 1095 699 1152 tergo
715 1089 756 1135 lto-
782 1087 883 1151 pristin
899 1088 994 1136 desinit
1010 1087 1088 1133 olores.
1105 1086 1164 1134 Nota
1177 1088 1203 1134 in
1217 1086 1279 1151 prio·

264 1175 441 1237 minisplueuis
449 1176 573 1223 obducere:
580 1175 684 1235 fnestra
697 1175 757 1221 Fer·
788 1191 815 1222 re
838 1174 944 1239 exemplo
969 1183 994 1221 et
1018 1171 1120 1220 diversas
1137 1183 1234 1221 naturas
1255 1182 1280 1221 et

261 1267 308 1308 tor
322 1263 378 1309 ovis
390 1262 493 1323 molier,
506 1275 655 1327 magnusque
672 1260 754 1307 eadem
785 1259 848 1308 illud
870 1263 978 1309 lrorrrinis
985 1260 1070 1321 faties
1092 1267 1116 1304 et
1140 1260 1229 1322 virgo,
1250 1267 1279 1306 ut

262 1345 307 1392 deu
328 1346 421 1393 oulmr.
445 1346 522 1411 Atque
538 1345 597 1402 haec
618 1357 690 1409 suut,
712 1362 755 1394 cur
787 1348 812 1393 in
828 1347 924 1395 Horatio
942 1350 1072 1396 humanum
1093 1352 1166 1408 eaput
1187 1355 1212 1393 et
1227 1361 1280 1392 rnu-

261 1430 427 1479 Bentleianum
449 1432 549 1492 suemus
576 1450 624 1482 non
648 1433 750 1483 laudem.
785 1435 834 1481 lior
848 1434 960 1494 formosa
987 1438 1107 1498 superae:
1140 1449 1168 1479 ex
1193 1433 1280 1481 caudis

262 1516 343 1581 Neque
359 1516 472 1566 laudabat
487 1519 694 1586 Wyttenbechius‚
710 1523 754 1587 qui
786 1522 927 1585 delphinum
942 1538 1036 1587 quoque
1049 1518 1219 1583 intelligimus,
1237 1535 1280 1565 cnr

263 1602 755 1656 elimanditorihussuisinithenaeoim·
782 1607 880 1671 pristis
903 1606 933 1655 ab
950 1608 1045 1654 Horatio
1061 1606 1196 1672 appelletur
1212 1611 1279 1654 utra.

260 1689 428 1740 atelodamensi
437 1690 498 1739 hane
509 1691 636 1757 Epistolam
650 1691 718 1740 doete
728 1700 752 1740 et
785 1690 884 1739 Caudam
899 1693 961 1743 enim
978 1691 1045 1740 illius
1066 1691 1138 1755 piscis
1151 1690 1280 1754 significari

262 1777 385 1842 eleganter
401 1778 571 1843 interpretatus
586 1788 630 1827 est.
652 1779 757 1827 Dictato·
788 1786 887 1844 apparet
909 1794 938 1826 ex
960 1794 1004 1840 eo,
1022 1776 1086 1842 quod
1106 1776 1230 1824 mulierem
1253 1778 1279 1825 in

260 1881 313 1913 rum
322 1865 456 1929 exemplum
466 1864 496 1912 ab
505 1868 579 1913 amico
587 1873 669 1913 meoet
680 1864 752 1912 oolle-
779 1866 880 1927 pristin
896 1864 1007 1911 desinere
1019 1861 1088 1913 dicit.

261 1950 451 2014 ga,Gl.Mahnlo,
458 1953 547 2016 accepi.
557 1953 664 1999 Ceterum
672 1959 755 1999 otram
823 1951 855 1997 lit
870 1966 913 1997 nee
924 1965 987 2013 pes,
1012 1965 1055 1996 nee
1067 1955 1142 2011 eaput
1153 1949 1200 1995 aeni
1216 1948 1280 1997 Red-

255 2037 365 2101 pristim
385 2036 494 2102 equidem
516 2037 587 2086 alteri
603 2045 686 2085 otmm
697 2038 754 2102 pis-
785 2036 971 2096 doterfomee.
983 2035 1093 2082 Horatius
1100 2032 1202 2095 librum,
1212 2036 1279 2083 euius

259 2136 310 2168 omn
325 2122 395 2188 longe
409 2123 526 2187 praefero.
542 2125 652 2172 Horatius
664 2125 753 2172 anima-
784 2140 857 2171 vanae
866 2124 1098 2188 speeies,tamquam
1106 2123 1172 2187 aegri
1180 2123 1278 2184 somnia,
1356 2169 1358 2174 ,

256 2208 301 2271 lia,
319 2225 348 2257 er
367 2208 454 2275 quibus
474 2211 552 2275 pictor
567 2208 681 2257 desumit
698 2225 752 2274 par·
782 2208 923 2274 linguntur,
953 2215 1072 2273 comperet
1101 2222 1155 2253 cum
1177 2204 1279 2254 ridicula

257 2305 308 2359 tes,
326 2296 462 2361 specialiter
480 2314 527 2345 non
546 2295 690 2362 generaliter
711 2294 752 2343 de·
784 2294 827 2343 illa
844 2297 959 2361 imagine,
977 2296 1044 2342 euius
1060 2309 1149 2342 summa
1166 2309 1219 2358 pars
1234 2309 1278 2341 nae

256 2383 347 2448 signet:
359 2391 415 2431 sunt
427 2386 528 2446 mulier,
546 2393 570 2432 et
581 2400 654 2447 equo,
663 2382 750 2448 quibus
783 2382 874 2429 mediae
888 2383 952 2445 parti
966 2398 1010 2428 nee
1026 2381 1120 2429 infimae
1137 2378 1277 2445 respondet,

257 2466 316 2516 adeo
340 2465 426 2514 melius
442 2468 551 2515 convenit
571 2465 674 2531 speciale
694 2467 751 2529 pri-
784 2481 892 2530 quaeque
909 2466 1014 2530 aeapite
1031 2465 1061 2513 ad
1078 2465 1150 2531 pedes
1170 2465 1217 2514 sibi
1231 2483 1279 2515 nou

259 2558 323 2618 stis,
338 2572 408 2621 quam
425 2553 535 2620 generale
547 2554 638 2616 piscis.
656 2551 755 2617 Epithe-
787 2562 885 2601 constat.
906 2553 954 2600 lam
968 2552 1062 2616 eadem,
1078 2570 1279 2619 quamquamver-

260 2651 302 2690 ton
326 2651 407 2689 autem
427 2647 483 2688 ater
503 2640 592 2687 rectius
607 2638 755 2704 intelligitur
787 2636 824 2686 his
837 2638 919 2703 paullo
934 2641 1045 2703 mutatis,
1058 2657 1119 2706 quae
1133 2639 1161 2688 de
1175 2642 1277 2706 imagine

258 2725 366 2777 additum
374 2728 472 2793 prieti,
490 2742 561 2791 quam
578 2725 656 2790 pisci.
679 2724 706 2772 ln
722 2740 750 2771 eo
783 2723 907 2787 dicuntur,
921 2724 1033 2774 dicuntur
1047 2726 1076 2776 de
1091 2726 1161 2775 libro.
1184 2727 1278 2775 Pictura

258 2812 366 2878 epitheto
388 2809 527 2876 explicando
547 2811 593 2858 iam
612 2810 701 2857 vetusti
713 2809 748 2858 la·
780 2808 824 2858 illa
841 2820 876 2859 est
892 2812 986 2876 imago,
1003 2813 1081 2877 qualis
1098 2814 1123 2860 in
1140 2829 1218 2860 rerum
1234 2830 1276 2861 na·

257 2896 748 2949 borassevidenturSeholiastae.Commen-
780 2906 834 2945 tura
854 2914 901 2945 non
924 2909 1018 2962 exstat,
1042 2897 1105 2947 liber
1127 2908 1163 2947 est
1179 2900 1275 2965 imago,

258 2993 333 3033 tutor:
348 2992 443 3047 amm,
457 2998 581 3047 mugnone.
604 2981 685 3047 Neque
696 2984 754 3045 prr·-
785 2981 863 3048 qualis
883 2984 909 3031 in
930 2999 1009 3032 rerum
1025 2995 1110 3033 natura
1125 3001 1172 3032 non
1189 2994 1275 3034 exstat.

260 3073 312 3119 stis
332 3072 363 3120 iis
378 3074 459 3137 ignota
482 3073 554 3121 lectio
570 3073 627 3121 fuit.
659 3072 747 3120 Acron:
782 3074 874 3137 Quanto
889 3077 979 3123 rectius
992 3086 1016 3124 et
1028 3085 1112 3140 peret
1127 3082 1201 3139 ceput
1214 3074 1276 3123 libro

253 3156 366 3221 piscem
391 3156 493 3203 balleum
521 3157 656 3218 morinum,
688 3157 708 3205 i.
729 3172 749 3205 e.
786 3156 878 3220 demta,
892 3158 922 3206 ad
935 3161 1062 3226 imaginem
1075 3180 1145 3229 supra
1159 3162 1276 3226 depictam

256 3242 397 3305 pistricem.
428 3241 508 3306 Neque
527 3258 609 3307 parum
627 3240 692 3307 apud
715 3259 752 3291 me
785 3245 936 3294 reserentur!
959 3246 1016 3296 lide
1041 3258 1178 3314 sequentem
1194 3245 1277 3294 verho-

259 3325 340 3374 ralent
355 3325 401 3373 duo
415 3326 523 3391 exempla
538 3326 751 3392 Virgiliana,quae
783 3343 836 3374 rum
861 3338 886 3376 et
909 3346 988 3378 rerum
1012 3332 1132 3382 ordinem:
1164 3335 1277 3381 nomano

204 3409 211 3418 ’
259 3412 383 3461 Horatium
407 3430 455 3461 esse
480 3415 599 3461 imitatum
624 3430 651 3462 eo
674 3416 752 3462 minus
784 3416 866 3479 copiti
878 3418 1203 3483 eeroieempietorequinom
1218 3422 1277 3469 laen·

260 3495 357 3558 dubito,
371 3498 427 3562 quia
440 3513 493 3545 eum
507 3506 532 3545 et
548 3497 638 3546 inaliis
648 3498 748 3546 aliarum
778 3514 838 3564 gere
862 3502 888 3548 si
904 3503 983 3566 velit,
1012 3508 1139 3555 atoarios
1162 3509 1277 3557 inducere

259 3581 417 3650 Epistolarum
430 3582 488 3631 locis
500 3583 640 3647 Aeneidem,
657 3601 751 3648 reeens,
780 3588 882 3650 plumos
900 3587 1008 3653 Undique
1023 3594 1124 3641 collutis
1144 3597 1275 3657 membris,-

258 3668 341 3732 eredo,
366 3678 417 3716 tum
439 3667 540 3731 edium,
562 3672 691 3735 respexisse
713 3687 751 3719 eo·
782 3680 814 3720 aet
832 3688 876 3721 nee
896 3683 970 3738 eaput
987 3679 1035 3724 aeni
1066 3679 1119 3727 Nee
1129 3696 1176 3744 pes
1191 3682 1276 3730 rodde-

259 3757 337 3821 gnovi.
359 3755 471 3823 Virgilius
491 3757 567 3821 igitur
586 3756 684 3805 Aeneid.
702 3757 747 3821 lll,
782 3766 824 3806 tur
844 3760 960 3825 somnos,
993 3765 1037 3812 sed
1060 3768 1169 3830 taerpiter
1195 3777 1276 3817 otram

256 3843 313 3891 420.
328 3845 417 3892 Primo
432 3844 639 3907 hominissoeiee,
653 3852 678 3892 ot
689 3847 747 3909 pul·
778 3847 888 3895 Desinet
904 3850 932 3896 in
943 3853 1052 3915 peistim
1064 3855 1155 3902 mulier
1164 3855 1277 3916 formoso

257 3944 298 3978 oro
308 3938 408 3993 pertore
425 3934 497 3997 virgo
513 3932 580 3979 Pohe
596 3939 684 3979 tenus:
704 3948 748 3995 po-
780 3947 891 3997 eoperne.
924 3935 1020 4001 Oratio,
1036 3938 1063 3987 ni
1080 3939 1168 4004 fallor,
1186 3952 1211 3991 et
1223 3943 1274 4007 ipsa

256 4021 350 4064 stremo
380 4017 485 4064 immoni
507 4032 604 4082 corpore
627 4018 745 4082 pistrix,
780 4027 816 4066 est
832 4020 981 4084 concinnior,
997 4024 1099 4075 varietas
1115 4027 1140 4076 in
1157 4041 1275 4092 compere-

255 4104 405 4168 Dslplrinom
422 4106 512 4153 maduo
526 4112 597 4154 utero
616 4106 745 4154 ementem
777 4105 841 4154 tione
857 4108 946 4169 maior,
963 4109 1124 4179 intelligentia
1133 4113 1233 4162 facilior.
1249 4112 1274 4160 si

253 4191 372 4255 leporum.
389 4188 454 4239 ldem
469 4189 612 4254 tenelli,
626 4194 683 4241 211.
697 4191 748 4241 Tri·
781 4193 851 4258 quis,
881 4190 960 4259 inquit
981 4208 1067 4263 poeta,
1096 4197 1179 4263 pingat
1201 4203 1273 4261 eaput
