3009 5000
296 475 337 537 20
556 476 768 539 llORATlI
799 474 1046 538 aristoni

323 672 627 774 Dixeris·egregie,
652 688 772 751 notum
796 678 823 750 si
845 679 966 751 callida
995 676 1136 749 verbum

293 898 375 956 suom
397 910 445 946 non
468 899 618 963 persentiscis
641 896 704 947 illud
724 913 784 962 pro-
815 898 922 964 profecto
944 912 1021 961 neque
1043 908 1072 944 ex
1094 894 1132 943 his
1148 892 1228 942 verbis
1243 911 1311 960 prae·

293 984 369 1031 missi
390 986 510 1032 carminis
530 987 671 1034 sententiam
694 983 786 1034 labefa·
819 996 914 1050 ceptum
937 982 999 1031 illud
1024 983 1151 1040 enascitur;
1178 981 1241 1030 nihil
1266 984 1311 1030 mi·

240 1090 248 1105 κ
294 1069 537 1132 ctarei’Quidenimi‘
553 1072 638 1120 Nullus
652 1073 699 1119 erit
712 1070 783 1132 ordo,
816 1086 873 1119 nus:
886 1084 963 1133 neque
980 1069 1104 1132 quisquam
1117 1084 1187 1115 sanus
1200 1066 1225 1115 id
1239 1085 1310 1133 gene·

248 1136 251 1143 .
292 1155 360 1204 trulla
392 1158 443 1206 eius
468 1174 549 1206 norma
572 1157 611 1204 vel
636 1157 711 1217 ratio,
736 1156 784 1203 nisi
816 1156 886 1203 ratim
900 1155 1022 1220 praecepti
1036 1152 1087 1200 loco
1100 1151 1233 1201 tradiderit.
1249 1152 1311 1217 Quid

207 1232 212 1240 ’
293 1257 386 1291 carmen
394 1245 544 1307 promissum
557 1242 606 1290 sit?
621 1241 736 1289 Nimirum
744 1240 784 1288 hic
817 1242 879 1288 enim
900 1241 925 1288 in
944 1238 1066 1286 Comoedia
1081 1238 1237 1304 Tragoediave
1251 1242 1309 1303 liat,

268 1311 270 1315 ³
293 1328 477 1394 eperaluditur3
493 1346 569 1395 neque
583 1329 634 1377 ullo
647 1339 716 1395 pacto
729 1345 781 1377 ver·
812 1328 857 1377 ubi
880 1345 1001 1394 nunquam
1020 1338 1090 1392 poeta
1103 1344 1127 1374 se
1144 1329 1308 1377 intermiscet?

292 1416 393 1467 siculum
411 1414 476 1464 hunc
497 1432 550 1465 cum
574 1418 694 1482 prioribus
710 1420 784 1484 possis
817 1419 878 1481 Quin
901 1426 926 1464 et
945 1419 970 1463 in
991 1416 1061 1481 Epiro
1081 1416 1183 1462 carmine
1209 1416 1311 1479 aliisque

291 1510 437 1550 connectere.
460 1500 587 1553 Senserunt
604 1503 651 1552 hoe
666 1507 783 1572 interpre·
815 1505 869 1552 lieri
897 1501 993 1568 quidem
1019 1511 1109 1567 potest;
1134 1501 1240 1565 praecipi
1263 1502 1311 1550 nisi

292 1596 328 1635 tes
341 1586 437 1652 qnidam
450 1597 478 1635 et
490 1604 567 1654 nuper
580 1600 604 1639 et
621 1590 689 1640 olim:
705 1592 782 1654 unde,
816 1590 936 1641 inutiliter
958 1599 982 1637 et
1001 1588 1075 1637 stulte
1092 1605 1139 1635 non
1155 1596 1242 1653 potest.
1266 1588 1311 1634 De·

292 1675 362 1725 iuviti
375 1675 474 1724 lioetet
492 1679 579 1740 coacti,
593 1690 620 1725 eo
638 1677 732 1727 demum
748 1695 785 1728 re·
817 1688 900 1727 serunt
923 1680 1004 1742 itaque
1027 1675 1133 1723 Servium
1149 1675 1309 1735 recentiores,

290 1772 428 1824 currerunt,
452 1770 481 1811 ut
501 1763 621 1828 integrum
643 1763 700 1813 hinc
715 1781 784 1831 prae-
816 1774 841 1811 et
856 1764 975 1811 deiectum
991 1777 1073 1809 rarum
1089 1763 1202 1826 ipsorum
1218 1759 1257 1809 hic
1274 1761 1312 1807 in·

290 1859 386 1914 ceptum
407 1850 536 1899 formarent
553 1858 578 1897 et
593 1847 724 1913 cuderent,
739 1866 783 1916 per
814 1847 943 1915 tellig‘unt,
960 1849 1012 1897 Ilus
1025 1848 1169 1910 comoedum,
1183 1847 1226 1894 irco
1241 1860 1310 1909 sper·

290 1951 315 1983 se
338 1926 444 1984 constans
468 1945 494 1983 et
514 1951 529 1983 a
550 1935 649 2002 reliquis
673 1936 782 1985 omnibus
815 1938 919 1984 amodum
951 1944 1008 1996 σείς
1042 1935 1109 1984 aliud
1141 1932 1311 2001 probandum,

289 2017 418 2069 abarim:
441 2023 493 2070 IIoc
514 2030 592 2084 amet,
618 2024 660 2070 hoc
681 2030 785 2087 spernat
817 2022 885 2072 aliud
916 2022 1079 2072 reiiciendum.
1103 2022 1226 2090 limmvcm
1256 2037 1310 2069 cum

284 2107 407 2170 premissi
419 2109 539 2169 carminis
546 2115 644 2156 cccwr.
664 2108 701 2157 lta
715 2120 779 2158 certe
812 2109 914 2159 Chaerea
928 2112 1060 2160 exclamare
1074 2108 1151 2170 libet,
1167 2109 1310 2171 Diutipul⁴

288 2191 383 2241 Servius
403 2191 433 2264 ad
456 2194 599 2262 Georg.='ll,
624 2198 681 2246 475.
717 2199 783 2245 »Mc
815 2199 886 2246 clerc:
910 2210 1032 2262 uunquam
1050 2196 1106 2243 vidi
1120 2195 1211 2242 melius
1231 2195 1310 2240 corni·

287 2294 344 2329 vcro
371 2281 482 2344 primum
505 2282 605 2330 dulces·
620 2290 678 2330 unte
703 2286 786 2331 arnoia
817 2286 880 2331 Eum
896 2285 962 2332 dari.
977 2286 1029 2331 Hoc
1045 2290 1140 2344 aurato,
1157 2282 1250 2347 inquit,
1266 2282 1309 2329 lieo

287 2367 376 2415 Musas
390 2392 424 2403 -
444 2383 510 2415 suam
526 2385 649 2433 personam
666 2386 707 2435 pro
724 2386 782 2435 qno-
801 2372 939 2433 ,spernitos
955 2387 985 2417 an
999 2379 1026 2416 tu
1042 2371 1067 2417 in
1081 2368 1175 2416 Poetica
1189 2377 1217 2413 ut
1228 2368 1309 2431 singu-

289 2468 382 2518 cuoque
394 2454 473 2516 ponit:
490 2454 525 2500 sic
538 2454 620 2517 paullo
633 2465 699 2518 post:
714 2457 786 2503 Rura
817 2455 868 2502 lare
884 2454 996 2520 quiddam
1009 2471 1100 2516 mones,
1118 2453 1181 2519 quod
1196 2456 1221 2502 iu
1235 2455 1309 2502 omui·

287 2540 490 2603 mihiplcecant,
507 2555 550 2602 pro
563 2539 675 2586 cuilibet.
701 2539 739 2587 Sic
755 2540 782 2587 in
814 2537 858 2586 bus
877 2540 991 2603 negotiis,
1013 2540 1038 2586 in
1062 2540 1125 2585 omni
1141 2539 1204 2585 vitae
1221 2554 1308 2602 genere

287 2628 376 2693 primo:
394 2643 442 2674 non
455 2628 504 2675 illc
520 2626 648 2690 quisquam
663 2642 701 2673 mc
714 2634 783 2674 cocta
815 2626 962 2674 notissimum
984 2635 1033 2687 est,
1055 2624 1171 2689 quaedam
1192 2624 1308 2689 fugienda

282 2727 332 2777 per
347 2714 427 2761 altum
447 2714 496 2762 Ira.
510 2712 539 2760 -ln
558 2713 643 2761 tertiot
660 2713 700 2761 Na
716 2713 781 2759 milri
813 2727 877 2773 esse,
894 2710 1009 2777 quaedam
1023 2708 1143 2775 petenda?
1157 2711 1208 2757 Iloc
1222 2712 1306 2759 facito:

287 2806 346 2848 tanc
358 2801 442 2847 molles
457 2800 501 2848 aab
522 2798 578 2848 diro
600 2813 700 2863 corpere
718 2814 780 2847 soru-
812 2805 878 2845 rectc
909 2812 975 2845 sane.
1008 2797 1060 2845 Iloc
1086 2798 1181 2863 fugito:
1209 2798 1308 2848 collide.

286 2901 338 2934 uos.
368 2888 397 2935 Et
420 2886 533 2949 horest,
558 2886 621 2953 quod
637 2886 697 2934 dicit
710 2886 782 2934 Hora·
814 2885 875 2950 Quin
890 2895 915 2933 et
928 2887 953 2933 iu
969 2885 1050 2933 culina
1068 2900 1142 2949 aeque
1156 2901 1183 2932 ac
1197 2886 1223 2932 in
1238 2883 1309 2934 libris

287 2973 337 3024 lius
360 2974 386 3020 in
411 2972 468 3022 Arta
492 2974 599 3021 Poetica:
624 2973 676 3019 lIoc
700 2979 780 3034 amet,
814 2971 892 3019 locum
905 2969 991 3019 habet:
1015 2972 1068 3019 Iloc
1083 2975 1176 3022 schum
1192 2980 1247 3036 ast,
1264 2975 1308 3021 lios

287 3059 330 3110 ltae
345 3068 446 3123 manat
461 3060 584 3126 promissi
599 3061 721 3107 carminis
738 3075 783 3107 cu·
814 3060 930 3107 deatum
951 3067 1006 3121 est,
1032 3061 1075 3106 hoc
1099 3061 1194 3108 iaatcm
1214 3068 1253 3107 cst
1260 3076 1308 3123 po·

285 3146 366 3200 ἅμ”
380 3146 408 3191 Et
424 3142 454 3192 ad
466 3144 615 3206 Acneidll,
632 3145 688 3192 412.
708 3146 778 3192 »Im-
810 3160 877 3192 rum:
899 3145 967 3192 laud
990 3153 1055 3193 recte
1077 3153 1132 3194 cst:
1155 3149 1248 3194 iterum
1269 3148 1308 3195 sic

281 3230 358 3295 prode
373 3245 440 3278 amor
452 3232 514 3295 quid
528 3247 584 3280 noc.
607 3231 750 3280 Exclamatio
766 3247 781 3278 a
813 3237 937 3279 mmmto.
955 3230 1030 3279 llnlto
1046 3232 1138 3280 seilicet
1152 3229 1268 3279 doctiores
1281 3240 1307 3280 et
1358 3253 1360 3258 ’

287 3324 361 3381 poeta
382 3325 463 3363 eontra
480 3332 595 3379 amorem,
621 3326 646 3364 et
669 3315 713 3364 hoc
730 3325 781 3378 est,
814 3313 845 3363 ad
874 3315 991 3363 Poeticam
1020 3318 1182 3366 instructiores
1207 3317 1307 3367 discedi·

283 3401 350 3469 quod
362 3403 472 3451 Horatius
488 3402 560 3452 dicits
577 3403 630 3450 Hoc
643 3405 727 3449 amet”
745 3417 783 3448 ee·
815 3416 880 3463 mus,
899 3399 944 3449 hoc
966 3418 1050 3450 arcano
1070 3412 1196 3468 praecepto
1216 3405 1306 3454 onusti.

287 3496 348 3538 tera.
368 3489 396 3535 Et
409 3486 440 3536 ad
455 3503 489 3536 rs.
495 3488 553 3536 415.
568 3488 697 3534 »Fmstro
708 3487 784 3533 mori·
815 3487 845 3533 it
862 3504 939 3552 nuper
955 3488 988 3535 cl.
1010 3489 1144 3551 Decimius,
1170 3491 1213 3554 qui
1228 3490 1308 3540 locum

287 3582 360 3624 tura.-
376 3576 481 3637 frucstrc
497 3590 526 3623 ex
542 3572 630 3621 iudicio
646 3581 730 3638 poetae
748 3569 785 3618 di-
816 3569 881 3630 hunc
902 3582 956 3620 anta
978 3588 1031 3620 suas
1051 3572 1122 3620 Notas
1139 3571 1308 3624 difficillimum

287 3673 352 3718 mum
369 3672 419 3725 est,
436 3672 465 3710 ut
479 3661 603 3722 Horatius,
621 3660 673 3708 Iloc
688 3660 781 3706 cmct.”
814 3666 839 3706 et
860 3656 1049 3706 obscurissimum
1068 3660 1140 3707 fuisse
1162 3662 1306 3727 confitetur,

280 3751 347 3816 ¹Ergo
362 3766 392 3799 ex
405 3748 482 3800 Servii
493 3748 612 3797 sententia
628 3745 673 3794 lios
690 3745 782 3811 praeci·
812 3746 847 3793 sic
865 3743 964 3811 pulchre
980 3760 1030 3792 rem
1052 3744 1163 3810 expedire
1182 3746 1231 3796 sibi
1243 3750 1309 3797 risus

287 3835 326 3902 pit
340 3834 465 3897 Horatius,
480 3842 509 3881 ut
524 3841 595 3898 poeta
610 3845 778 3905 nonuunquam
812 3838 861 3891 est,
883 3830 988 3877 sumita
1012 3824 1117 3880 innuat:
1143 3843 1246 3898 sperius
1262 3837 1305 3884 hoc

286 3936 318 3972 cu
340 3937 439 3987 persona
456 3936 499 3972 sua
517 3919 647 3986 loquatur,
665 3934 690 3966 se
707 3917 780 3966 rebus
811 3919 851 3965 uel
866 3917 944 3979 iliud,
969 3933 1045 3982 neque
1062 3921 1139 3969 omnia
1163 3920 1305 3986 singillatim

285 4003 462 4068 intermisceat,
484 4020 552 4053 suum
568 4004 683 4054 iudicium
707 4004 782 4051 inter·
815 4011 959 4067 exequatur,
976 4018 1036 4067 quae
1050 4006 1132 4070 quovis
1150 4004 1217 4054 modo
1230 4003 1256 4052 in
1269 4017 1307 4052 arb

287 4099 369 4158 ponat.
385 4090 471 4154 Vides,-
489 4107 536 4157 quo
549 4089 660 4139 redactus
681 4090 729 4152 sit,
752 4097 780 4137 ut
813 4099 951 4154 gumentum
967 4098 993 4137 et
1008 4092 1166 4141 narrationem
1179 4090 1304 4140 incidunt.

285 4194 382 4229 nusum
406 4177 511 4246 ὤςιειι
536 4175 687 4228 extunderet.
718 4174 778 4225 Nam
809 4175 896 4225 Novam
910 4192 975 4240 rem,
991 4179 1013 4228 si
1029 4179 1101 4227 Muris
1120 4177 1208 4242 placet,
1230 4176 1305 4224 etin·
