3009 5000
520 457 579 516 tlt
612 457 828 520 PISONES.

173 658 383 731 Carminibus
404 657 505 729 venit
537 657 617 727 Post
636 657 699 728 hoa
719 660 856 752 insignis
878 661 1042 737 Homerus

171 778 402 872 Tyrtaeusque
426 798 532 846 mares
557 777 685 845 animos
708 777 743 884 in
768 772 885 849 Martia
909 780 999 852 bella

172 895 330 967 Versibus
353 896 505 980 exacuit3
531 893 638 965 diotae
658 918 719 988 per
742 898 889 967 earmina
913 908 1036 992 sortes,
1078 965 1085 979 ,
1170 950 1179 968 .

172 1013 213 1083 Et
236 1014 322 1084 vitae
345 1020 526 1084 monstrata
551 1014 603 1082 via
626 1020 694 1102 est,
719 1021 754 1083 et
778 1018 883 1108 gratia
906 1041 1022 1111 regum
1170 1070 1179 1088 .

171 1131 287 1202 Pieriis
310 1138 435 1202 tentata
457 1130 584 1221 modis,
610 1129 782 1225 ludusque
803 1145 973 1229 repertur,
1058 1206 1063 1217 ,
1169 1184 1179 1205 .

172 1249 213 1319 Et
236 1250 415 1344 longorum
438 1273 579 1343 operum
603 1249 698 1319 finis:
722 1274 765 1320 ne
785 1251 871 1323 sorte
891 1254 1014 1346 pudori

173 1367 224 1437 sit
243 1367 305 1437 tibi
324 1368 419 1439 Musa
441 1366 533 1460 lyrae
553 1365 657 1437 solers
689 1376 723 1438 et
746 1377 862 1440 cantor
887 1369 1022 1466 Apollo.

646 1563 713 1633 lx,

172 1723 298 1794 Natura
317 1720 413 1792 fieret
433 1719 602 1792 laudabile
625 1744 759 1792 carmen
784 1716 827 1793 an
847 1731 935 1814 arte,
1099 1737 1180 1797 408.Ι

175 1841 368 1928 Quaesitum
382 1847 449 1910 est:
468 1863 530 1933 ego
546 1863 609 1910 nee
624 1838 773 1909 studium
788 1842 859 1911 sine
870 1840 971 1912 divite
982 1866 1081 1933 vena,
1097 1853 1181 1916 4090·

159 1959 246 2029 ‘Nee
259 1957 343 2029 rude
358 1957 440 2051 quid
456 1960 562 2053 possit
574 1958 669 2028 video
682 1957 868 2053 ingenium:
883 1959 1020 2030 alterius
1031 1961 1079 2031 aio
1097 1971 1180 2033 410.
1248 1965 1255 1977 ‘

199 2182 262 2230 Post
273 2183 315 2229 boe
326 2183 438 2248 insignio
451 2182 578 2231 Horaerue.
595 2179 661 2245 Quod
694 2181 762 2243 lyrae
778 2183 854 2229 solers
869 2189 895 2229 et
906 2190 993 2230 carator
1007 2183 1100 2247 Apollo.
1114 2184 1189 2234 Hora·

167 2269 275 2333 sequitur
297 2283 378 2314 utores
398 2269 494 2315 animos
513 2268 543 2313 iu
562 2268 661 2313 Martia
694 2266 741 2312 tius
754 2265 808 2313 aliie
820 2264 898 2314 verbis
911 2268 1143 2332 inllpist.lI,1,118
1151 2287 1188 2336 aq.

167 2355 229 2401 bello
252 2354 367 2400 Versibus
384 2353 483 2400 euoeuit
503 2361 551 2399 tam
569 2350 599 2398 ad
614 2350 660 2398 llo·
692 2349 774 2398 lauder
797 2351 833 2398 rei
853 2353 959 2416 poeticae
976 2352 1094 2417 celebrat,
1117 2354 1188 2403 etde

166 2455 258 2488 merum
273 2440 377 2486 refertur
392 2454 463 2505 quam
478 2437 509 2485 ad
523 2437 660 2504 Tyrtaeum.
693 2434 764 2483 choro
780 2433 851 2484 dicit:
869 2437 956 2485 Poscit
971 2440 1148 2504 operiebatur,
1163 2448 1190 2488 et

167 2527 250 2574 Errant
261 2527 304 2591 qui
316 2527 436 2590 accipiunt
449 2525 511 2572 Post
523 2525 566 2571 boe
575 2524 662 2570 Home·
689 2524 836 2586 praeseutia
847 2525 951 2571 numina
961 2527 1054 2588 sentit,
1070 2527 1190 2576 Ooolsster

167 2613 301 2660 ruerenit.
311 2611 406 2659 Homeri
418 2611 520 2658 earmina
532 2610 664 2674 semperin
695 2610 814 2673 implorat
836 2625 912 2673 oquae
935 2610 1005 2658 docto
1028 2627 1098 2675 prere
1122 2613 1190 2661 blau·

168 2700 256 2747 animos
267 2697 406 2745 Graecorum
420 2712 471 2743 eam
483 2696 531 2743 vim
543 2693 664 2757 habuere,
696 2694 756 2757 due,
769 2695 874 2743 Avertit
884 2696 990 2759 morbos,
1007 2698 1135 2746 metuendo
1146 2713 1191 2763 pe·

167 2791 196 2830 ut
219 2780 326 2846 legentes
349 2769 379 2829 ad
396 2782 510 2828 virtutem
531 2776 662 2840 bellicam,
695 2780 777 2825 riculo
795 2779 886 2842 pellit,
911 2782 1034 2844 Impetrut
1051 2790 1077 2830 at
1087 2799 1189 2849 pererra,

167 2867 305 2933 praesertim
329 2861 540 2921 contrabarbaror
562 2864 588 2911 iu
608 2862 662 2910 Asia
694 2869 721 2909 ei
736 2864 876 2927 locupletem
890 2865 1007 2930 smgibua
1022 2883 1121 2917 eruum.
1145 2867 1190 2919 Ubi

167 2949 343 3018 praestandam,
365 2949 530 2996 incitarentur.
562 2935 591 2995 Et
611 2948 665 2997 fieri
697 2947 772 2996 multo
789 2947 920 3014 elegantius
935 2949 1055 3017 legeretur
1067 2955 1191 3018 Impetrot

170 3037 267 3103 potnit,
287 3045 316 3083 ut
329 3034 400 3081 Solon
416 3043 441 3081 et
457 3031 617 3081 Pisistratidas
635 3049 662 3079 eo
695 3039 721 3079 et
744 3048 843 3097 poesin,
872 3042 899 3082 at
922 3036 1052 3100 locupletat
1067 3040 1191 3105 frugibus

169 3137 263 3189 quoque
292 3119 390 3168 oonsilio
414 3119 516 3168 earmina
540 3118 664 3166 Homerica
695 3133 793 3167 ornum.

169 3207 327 3272 collegerint,
348 3215 376 3254 ut
391 3221 455 3252 amor
470 3204 612 3252 Graecorum
631 3220 667 3250 er·
927 3204 974 3255 tx,

169 3309 200 3359 ga
215 3292 333 3357 patriam,
353 3288 460 3355 legendis
482 3290 596 3337 maiorum
613 3287 666 3337 lau-

170 3376 254 3441 dibus,
272 3374 445 3425 incenderetur.
462 3373 574 3422 Videatur
586 3373 665 3422 Fride-
677 3415 683 3427 ,
713 3373 763 3421 Sed
765 3372 881 3433 facultas
888 3378 988 3439 poetico
1000 3393 1048 3426 raon
1056 3380 1111 3429 siue
1123 3396 1174 3429 mo·

168 3466 233 3513 rieua
255 3459 402 3527 Schlegeliua
425 3461 451 3507 in
473 3458 662 3509 Recitationibus
723 3460 1041 3526 guoluioroeomparotur.
1056 3465 1117 3513 eina
1131 3482 1159 3516 eo

169 3546 199 3598 de
219 3548 321 3597 Historia
341 3556 447 3594 veterum
463 3561 490 3593 ae
506 3547 663 3593 recentiorum
742 3545 816 3606 fiunt
825 3553 914 3612 poetes
928 3548 1027 3612 inepti,
1050 3551 1134 3613 quoles

169 3634 301 3684 literarum.
323 3632 349 3681 si
369 3647 439 3696 quem
455 3628 561 3678 offendat
578 3630 664 3680 Horae-
820 3632 891 3680 bodie
906 3640 966 3681 suut
979 3635 1063 3683 multi.

170 3735 216 3769 rus
229 3723 395 3784 Tyrtaeusque
408 3716 521 3777 exeruit,
530 3714 598 3763 facili
611 3731 666 3780 ope-

171 3823 199 3855 ra
214 3806 301 3878 corrigi
315 3812 405 3869 potest:
422 3802 485 3850 Post
497 3802 540 3848 bos
555 3801 668 3865 iusignia
730 3801 831 3849 Natura
844 3804 923 3863 fieret
946 3803 1068 3852 laudam
1093 3821 1189 3855 „mm
1296 3815 1300 3824 .

172 3892 293 3940 Humanis
312 3887 482 3953 'Tyrtaeusque
507 3899 588 3934 moros
611 3886 666 3933 arti·
696 3902 729 3934 ara
744 3892 808 3936 urta.
825 3885 852 3936 Ν.
866 3888 975 3937 Heinsius
991 3905 1021 3937 ex
1037 3888 1090 3940 cot.
1105 3892 1190 3943 Horati

172 3981 224 4025 mos
239 3979 268 4025 iu
286 3976 384 4023 Martio
400 3974 461 4022 hallo
479 3973 594 4021 Versibus
609 3986 666 4020 era·
697 3973 788 4020 notavit
802 3973 924 4022 mirabile.

173 4078 256 4111 mero·
272 4063 344 4110 datae
355 4074 403 4124 par
417 4059 527 4112 rumino
542 4064 633 4105 sortes.
725 4055 778 4104 Nae
792 4057 853 4104 rude
869 4058 930 4121 quid
938 4061 1023 4123 poerit
1037 4060 1107 4109 miro
1119 4063 1189 4128 iige-

180 4161 181 4164 ’
205 4148 244 4197 No
256 4148 328 4209 sorte
345 4145 439 4210 pudori
460 4145 503 4193 Sit
524 4144 574 4191 tibi
590 4143 664 4192 Musa
694 4143 772 4191 nium.
796 4141 869 4191 Recte
882 4143 1002 4194 bentleiur
1019 4146 1189 4198 commendavit
