3009 5000
550 476 611 536 dl)
640 473 879 537 Plsouns..
1109 515 1115 531 ·
1154 474 1215 536 229

188 675 360 739 251w269.
382 678 491 760 Syllaba
512 678 592 758 longa
698 687 801 738 versate
819 679 926 739 diurna.

209 777 291 840 24-
311 779 360 840 31.
381 780 497 841 llaxima
516 798 577 861 parc
597 789 689 839 ratum
799 784 822 840 si
841 792 913 842 curet
932 790 996 842 arte.

209 879 292 943 46-
311 880 361 942 72.
382 883 418 943 ln
436 883 524 943 rcrhis
544 886 625 943 ctiam
645 885 734 942 tenuis
751 892 872 942 ---'ct
883 904 978 944 norma
997 884 1135 966 loquendi.

188 983 361 1046 202-219.
382 985 461 1045 Tibia
480 1006 536 1044 non
555 996 586 1044 ut
605 1005 680 1044 nunc
699 1006 767 1030 ἡ·
785 990 917 1045 sententia
936 985 1058 1065 Delphis.

189 1085 359 1149 179-188.
379 1087 437 1148 Aut
455 1091 542 1168 agitur
561 1108 603 1146 res
622 1090 652 1144 in
671 1092 758 1147 scenis
863 1087 1019 1148 incredulus
1039 1087 1093 1149 odi.

189 1187 358 1251 189-201.
380 1191 454 1250 Nevc
473 1194 563 1249 minor
580 1210 636 1248 neu
655 1193 690 1248 sit
796 1191 904 1250 fortuna
922 1191 1054 1271 superbis.

186 1291 356 1354 347-360.
378 1293 448 1352 Sunt
467 1291 566 1351 delicta
585 1301 677 1351 tamen
785 1293 913 1373 obrepere
931 1314 1066 1353 somnum.
1106 1314 1116 1327 ·
1249 1313 1252 1320 ·

185 1391 356 1455 386-390.
377 1395 412 1454 ld
432 1393 482 1453 tibi
502 1393 635 1452 iudicium
654 1402 695 1453 est
801 1398 887 1454 nescit
905 1416 957 1455 rox
976 1399 1058 1456 missa
1076 1398 1185 1456 reverti.

186 1495 356 1560 419-476.
378 1497 414 1557 Ut
432 1515 529 1576 praeco
548 1495 583 1555 ud
601 1515 703 1556 merces
810 1501 911 1557 cruoris
931 1497 1039 1557 hirudo.

480 1699 652 1761 nlnlnn
679 1702 904 1763 HRINSIUS.

225 1906 285 1965 1·-
303 1902 354 1966 78.
375 1905 500 1965 Humano
518 1909 600 1986 capiti
706 1907 759 1965 sub
777 1908 868 1968 iudice
883 1908 921 1966 lis
940 1917 989 1967 est.

201 2004 285 2068 83-
303 2004 353 2067 85.
374 2006 449 2067 lima
468 2008 544 2068 dedit
561 2008 663 2068 lidilms
770 2010 856 2070 libere
870 2014 934 2070 rina
952 2010 1060 2070 referre.

200 2107 284 2171 79-
302 2106 352 2170 82.
372 2109 568 2170 Archilochum
587 2115 783 2191 proprio
801 2121 897 2172 natum
915 2112 997 2173 rebus
1015 2111 1134 2194 agendis.

203 2208 286 2272 89-
306 2209 356 2272 92.
376 2212 505 2271 Versibus
524 2216 622 2292 exponi
640 2216 747 2293 tragicis
854 2218 946 2273 sortita
964 2214 1099 2274 decenter.

202 2311 285 2375 86-
304 2312 354 2375 88.
374 2313 526 2394 Descriptus
545 2333 650 2373 servare
755 2314 858 2374 discere
875 2315 957 2374 malo.

201 2413 352 2477 93-219.
374 2416 517 2477 Interdum
536 2426 628 2475 tomen
647 2425 674 2474 et
692 2436 786 2476 uocem
893 2421 1025 2477 sententia
1040 2416 1163 2500 Delphis.

179 2517 351 2581 275-280.
372 2520 502 2601 Ignotum
520 2523 634 2600 tragicae
654 2537 739 2599 genus
845 2524 950 2602 nitique
968 2519 1109 2580 cothurno.

181 2620 354 2684 220-250.
375 2622 501 2682 Carmine
520 2625 569 2702 qui
588 2624 688 2701 tragico
706 2652 776 2666 ---
794 2622 929 2682 donantve
948 2642 1054 2682 corona.
1103 2687 1106 2694 ¹

180 2720 353 2784 281-284.
374 2724 508 2783 Successit
526 2731 604 2780 retus
623 2721 668 2779 his
687 2723 913 2782 comoedia
932 2728 991 2783 iure
1009 2725 1134 2784 nocendi.
1260 2703 1268 2718 ⁰

177 2823 352 2886 251-274.
373 2823 484 2905 Syllaba
503 2823 582 2902 longa
601 2822 677 2881 brevi
700 2823 821 2883 subiecta
931 2824 1061 2885 callemus
1081 2837 1109 2886 et
1127 2849 1200 2888 eure.

179 2925 351 2988 285-334.
373 2925 420 2985 Nil
439 2929 602 2994 intentatum
621 2928 706 2983 nostri
723 2957 741 2968 -
752 2953 792 2970 ·-
811 2925 908 2985 idonea
926 2926 1015 2986 dicere
1034 2931 1113 2987 vitas.

181 3026 354 3091 ³91-4o7.
375 3028 515 3088 silvestres
533 3026 656 3085 homines
676 3046 752 3086 sacer
854 3036 946 3088 cantor
961 3028 1069 3109 Apollo.

179 3129 352 3194 335-390.
374 3129 514 3211 Quidquid
533 3127 679 3209 praecipies
694 3133 867 3192 ---‚neseit
885 3150 936 3190 vor
954 3133 1037 3191 missa
1054 3137 1159 3192 reverti.

179 3232 350 3297 408-476.
371 3233 473 3293 Natura
491 3231 568 3290 fieret
588 3228 724 3290 laudabile
831 3236 932 3292 cruoris
950 3232 1057 3294 hirudo.

409 3436 665 3497 uunovmos
689 3435 972 3500 nnsnnnzlou

178 3640 350 3704 ool-407.
372 3640 511 3700 silvestres
529 3640 653 3699 homines
759 3649 787 3701 et
805 3650 898 3702 cantor
916 3641 1025 3724 Apollo.

179 3742 352 3806 408-411.
372 3743 474 3804 Natura
493 3743 571 3802 lieret
675 3745 798 3802 coniurat
816 3747 910 3803 amice.

181 3844 353 3909 361-378.
375 3846 411 3906 Ut
429 3849 533 3926 pictura
551 3848 639 3924 poesis
656 3874 727 3890 ·-·
745 3848 832 3926 vergit
849 3846 885 3905 ad
904 3849 999 3906 mum.

196 3948 282 4010 73-
301 3946 351 4009 78.
372 3948 427 4010 lies
448 3957 536 4028 gestae
641 3946 731 4006 iudice
749 3947 785 4005 lis
805 3955 853 4006 est

198 4048 283 4112 83⁴-
302 4047 352 4111 85.
373 4050 450 4110 llusa
468 4048 543 4109 dedit
562 4079 631 4093 --·
648 4048 838 4107 merescere.

177 4150 350 4214 234-239.
371 4151 433 4213 Non
452 4173 502 4235 ego
521 4156 642 4212 inornata
748 4148 857 4210 Silenus
876 4149 988 4211 domni.
