3009 5000
292 481 350 542 140
553 482 764 542 HDllATll
795 479 1038 541 aristosa

319 681 523 753 Membranis
541 685 633 754 intus
654 685 782 778 positis
808 683 926 755 Delere
951 679 1083 770 licebit,
1144 678 1146 681 ’

319 800 422 890 Quod
441 825 510 872 non
532 800 694 890 ediderim
718 802 823 872 nescit
846 824 910 871 vox
933 801 1032 871 missa
1056 797 1185 868 reverti.

286 926 290 933 ’
320 919 494 991 silvestres
512 920 664 991 homines
684 944 777 991 sacer
800 921 1032 1015 interpresque
1056 917 1223 1001 Deorum,

321 1036 488 1109 Caedibus
512 1048 547 1110 et
570 1040 660 1111 victu
682 1038 781 1110 foedo
801 1038 965 1108 deterruit
984 1036 1160 1132 Orpheum

319 1157 437 1228 Dictus
455 1157 501 1227 ob
522 1158 588 1228 hoc
610 1158 713 1228 lenire
733 1158 837 1251 tigres
860 1155 1062 1250 rabidosque
1082 1154 1212 1225 leones:

287 1283 290 1288 ’
319 1275 437 1346 Dictus
460 1275 704 1370 ethmphion,
729 1276 907 1348 Thebanae
929 1274 1083 1347 conditor
1107 1271 1221 1361 urhis,

286 1496 374 1548 iudicio
382 1498 485 1548 nondum
493 1501 654 1550 satissuhacto
663 1511 688 1550 et
697 1502 781 1550 confir·
812 1517 865 1549 rum
888 1500 1008 1549 honorem.
1036 1501 1130 1560 Gerros,
1157 1507 1186 1545 ut
1201 1496 1313 1562 virgilius

286 1593 364 1646 mato,
382 1587 521 1651 outremer,
531 1603 678 1654 quacumque
690 1586 783 1636 demum
815 1585 912 1635 leneid.
922 1586 947 1649 Ι,
961 1601 1015 1652 pag.
1029 1588 1084 1634 222.
1104 1583 1180 1632 Credo
1189 1583 1312 1646 equidem,

286 1668 317 1718 de
325 1687 418 1734 caussa,
431 1672 503 1739 vulgo
511 1673 613 1722 multum
624 1672 782 1723 tribuebatur.
815 1689 858 1721 uec
870 1688 933 1720 oona
940 1672 1022 1734 fides,
1035 1686 1115 1735 genus
1131 1685 1183 1718 esse
1198 1671 1311 1717 Deorum.

286 1755 351 1803 Idem
358 1758 437 1805 vivere
445 1760 524 1823 potuit
533 1769 637 1825 tempore
645 1759 750 1822 Horatii,
760 1769 784 1807 et
815 1757 924 1807 Tibullus
932 1774 975 1806 seu
983 1766 1065 1805 auctor
1072 1755 1184 1804 Carminis
1192 1753 1223 1802 ad
1230 1755 1313 1805 ldessa·

286 1839 374 1890 hahere
388 1860 460 1891 annos
475 1845 598 1910 sexaginta
611 1847 724 1911 quinque.
750 1846 787 1893 Ita
818 1844 866 1893 lam
874 1860 908 1893 vs.
917 1846 958 1893 62.
976 1843 1096 1900 Quamvis
1107 1843 1155 1889 illo
1160 1840 1233 1901 foret
1246 1840 1313 1888 Solis

286 1928 402 1977 Ciceronis
411 1939 489 1978 aetate
498 1939 568 1979 uatus
579 1931 664 1979 luisset
673 1947 745 1980 annos
753 1932 788 1979 vi·
816 1946 905 1995 genos.
914 1930 1027 1995 Virgilius
1034 1927 1113 1993 Eclog.
1119 1927 1202 1991 ll,55.
1211 1926 1268 1975 Non
1274 1940 1313 1972 me

285 2014 349 2078 giuti
370 2016 483 2080 quinque.
507 2015 554 2064 Sed
572 2016 601 2064 de
617 2018 705 2065 llaecio
726 2014 785 2064 uhe·
816 2018 969 2064 camisiles
984 2018 1119 2063 oiocetneo
1132 2015 1255 2062 Thracius
1269 2012 1313 2060 Or·

286 2100 350 2160 rius,
366 2101 393 2146 ni
408 2100 492 2162 fallor,
510 2103 619 2165 exposuit
637 2103 731 2150 Estreus
746 2117 788 2149 no·
815 2103 909 2166 piceus,
919 2102 1072 2163 NeeLe‘nus,
1081 2102 1225 2148 huicmoter
1232 2113 1314 2161 oreom-

285 2194 335 2232 ster
347 2185 373 2232 iu
382 2184 581 2252 Prosopographia
588 2187 728 2251 Horatiana,
743 2204 784 2235 cu·
816 2190 871 2251 eis,
886 2196 959 2252 atque
967 2189 1024 2252 leuic
1032 2194 1109 2253 poter
1115 2186 1185 2233 adsit
1192 2203 1202 2232 .·
1219 2183 1312 2248 Orphei

286 2270 324 2318 ius
336 2270 436 2336 pulchre
451 2274 574 2337 compositi
582 2272 640 2321 libri
648 2273 694 2321 duo
702 2273 784 2340 Capita
818 2274 944 2339 Calliope,
977 2275 1041 2322 Lice
1065 2273 1191 2335 formasses
1217 2269 1313 2334 Apollo.

286 2373 346 2405 euno
354 2358 475 2423 superiore
484 2357 569 2408 Leidae
579 2358 726 2425 prodierunt.
817 2359 917 2425 Quintil.
927 2361 1004 2409 lustit.
1013 2360 1075 2409 Orat.
1085 2359 1105 2422 1,
1113 2371 1137 2408 x.
1146 2358 1225 2406 Iidem
1232 2355 1314 2404 Musi-

317 2444 454 2492 Silvestres
473 2446 582 2494 henricos
597 2461 680 2510 socer,
704 2448 784 2496 inter·
816 2449 841 2494 ci
851 2455 877 2494 et
890 2454 960 2494 vates
972 2454 998 2493 et
1007 2446 1133 2509 sopientes
1142 2444 1314 2491 iudicarentur

281 2544 386 2593 presque
402 2531 521 2587 Deorum,
539 2531 659 2578 Caedicus
673 2538 700 2577 et
714 2533 785 2579 victu
818 2532 1063 2594 OrpheusetLinua:
1075 2543 1175 2593 quorum
1185 2536 1314 2593 utrumque

276 2613 352 2673 foedo
368 2614 493 2661 deterruit
511 2614 628 2678 Orpheos.
651 2614 702 2662 Nou
715 2613 784 2663 credo
816 2617 878 2663 Diis
890 2616 1023 2680 genitum,
1040 2616 1148 2663 ultorum
1163 2614 1236 2677 vero,
1253 2614 1315 2677 quod

285 2708 350 2746 recte
365 2699 448 2746 Latine
461 2698 604 2748 adiectivum
617 2700 650 2748 sle
661 2698 690 2749 de
699 2699 781 2749 eodem
813 2701 887 2749 eredes
902 2715 992 2765 qreoque
1006 2706 1079 2764 utque
1094 2706 1207 2766 agrestes
1219 2702 1314 2748 animos

285 2782 442 2849 homineponi
449 2787 475 2834 in
483 2787 561 2852 priore
569 2786 683 2850 membro,
691 2786 784 2835 inalte-
815 2787 980 2835 admiratione
991 2788 1124 2849 meelceret,
1137 2802 1185 2834 eron
1185 2786 1261 2851 seros
1266 2801 1315 2834 mo·

284 2886 311 2918 ro
325 2869 506 2921 substantivum.
520 2872 620 2921 Rectum
628 2883 664 2921 est
674 2874 784 2938 Orpheus
816 2874 858 2938 do,
872 2874 916 2922 sed
927 2888 989 2922 suco
1001 2873 1080 2920 etiam
1092 2874 1217 2936 ciloosqroe
1230 2872 1315 2920 ducis·

286 2966 388 3006 scorrer
396 2958 662 3022 Deorumamten,vel
673 2960 784 3023 Orpherre
815 2975 855 3019 se,
865 2959 978 3024 pesteris
989 2961 1120 3007 cremonae
1133 2959 1255 3007 nuditum
1266 2963 1312 3005 est.

285 3044 395 3093 socordes
410 3051 437 3092 et
451 3045 557 3093 Deorum
573 3046 712 3108 interpres5
737 3062 784 3093 non
856 3047 949 3094 Dictus
971 3051 997 3093 et
1027 3045 1163 3109 Amphion,
1190 3044 1314 3092 roseam

285 3139 376 3179 rectum
393 3139 428 3178 est
447 3127 666 3195 Orphmessaceret
678 3131 784 3179 Deorum
816 3132 929 3180 eonditor
943 3131 1021 3179 ereis.
1037 3130 1097 3195 Quia
1113 3128 1220 3179 condidit
1231 3126 1314 3177 urbem

286 3217 421 3279 interpres.
432 3218 508 3264 Socer
516 3234 545 3266 ex
553 3217 786 3267 sententiaveterum
816 3215 922 3278 Thebas‚
951 3213 981 3263 oh
1011 3214 1073 3278 hoc,
1107 3214 1171 3281 quod
1200 3212 1313 3263 condidit.

285 3302 445 3366 interpretum
458 3311 493 3350 est
510 3301 524 3351 ὁ
540 3302 671 3366 θεόλογος
691 3301 730 3351 vel
745 3318 785 3350 su·
816 3302 902 3350 heron:
927 3299 1044 3350 »Cadmus
1064 3299 1156 3350 'l'hehas
1175 3301 1312 3358 constituit;

285 3385 376 3434 cordos.
405 3385 460 3435 Sine
477 3388 593 3452 exemplo.
616 3387 728 3454 Equidem
742 3405 785 3453 pro
817 3403 856 3436 eas
871 3403 938 3435 muro
960 3388 1035 3437 cinxit
1050 3387 1194 3453 Amphion.''
1217 3383 1315 3433 Cadmus

286 3471 373 3536 SlCER
394 3470 543 3521 scribendum
562 3471 664 3522 arbitror
686 3475 784 3524 tants.
816 3489 901 3539 nempe
925 3473 1015 3539 primus
1039 3489 1118 3522 arcem
1135 3472 1238 3520 Thebane
1259 3487 1313 3520 con·

287 3559 363 3608 Prima
388 3557 536 3624 corruptelae
554 3574 634 3608 caussa
653 3561 741 3609 iterum
758 3563 784 3609 in
816 3558 885 3609 didit.
903 3560 934 3608 lla
949 3576 997 3609 ure
1010 3569 1067 3608 tune
1084 3558 1206 3608 eraturhs
1220 3555 1311 3619 ordire,

286 3645 434 3710 transpositis
442 3642 527 3693 literis.
537 3644 635 3710 Elegans
643 3656 706 3695 certe
715 3656 751 3694 est
759 3656 784 3695 et
816 3661 893 3712 neque
914 3645 961 3695 alio
985 3645 1097 3706 nomine,
1122 3659 1192 3709 quam
1215 3641 1313 3700 πόλις

287 3748 342 3780 vere
353 3731 451 3780 latinus
469 3746 549 3779 versus
563 3732 698 3780 Silvestree
710 3735 786 3782 horni—
818 3731 993 3799 appellabatur.
1009 3732 1071 3780 Haec
1080 3731 1229 3795 scissuris,
1246 3730 1315 3780 dein·

285 3834 329 3867 ses
341 3834 422 3884 genus
434 3819 604 3882 interpresque
611 3819 718 3867 Deorum
727 3820 786 3868 Coe-
818 3820 847 3868 de
865 3835 909 3885 per
926 3816 1080 3884 Amphionem
1101 3825 1172 3865 aucta
1188 3826 1214 3865 et
1230 3816 1314 3882 ampli·

286 3904 358 3953 ditm
373 3915 400 3954 et
420 3906 490 3953 victu
502 3903 578 3964 foedo
592 3904 717 3953 deterruit
741 3906 786 3953 Or·
817 3906 904 3969 ficata,
920 3914 948 3952 ut
961 3902 1147 3969 distingueretur
1160 3901 1311 3964 anovallla,

286 3992 371 4053 pherec.
379 3991 498 4057 Orpheus,
507 3991 557 4057 ipse
566 4007 596 4040 ex
604 3991 677 4057 stirpe
687 3990 781 4054 divina,
813 3988 978 4041 nominabatur
996 3989 1114 4052 Cadmeo,
1125 3998 1150 4036 et
1161 3990 1246 4038 eximie
1257 3987 1310 4036 πό-

288 4078 328 4124 cui
340 4087 415 4126 mater
428 4079 477 4127 luit
492 4078 603 4144 Calliope.
618 4078 684 4129 Nihil
697 4077 783 4127 melius
816 4077 872 4142 λις,
897 4087 926 4127 ut
945 4074 1056 4126 londinii
1076 4076 1239 4141 antiquissima
1256 4088 1310 4138 pars

289 4160 337 4211 dici
344 4171 438 4227 poterat
446 4162 476 4216 ad
490 4164 698 4215 commendandum
706 4174 787 4231 pocta·
819 4166 873 4229 city
889 4173 914 4211 et
932 4163 1025 4213 Parisiis
1041 4163 1066 4209 lo
1080 4160 1140 4212 cero.
1167 4162 1213 4225 Qui
1227 4174 1310 4208 novam
