3009 5000
181 468 185 477 ¹
245 457 286 519 24
450 467 454 473 ’
506 427 996 516 nonnrrr'nersronn

278 657 319 730 Et
339 679 426 728 nora
442 655 587 749 {ictaque
605 678 716 751 nuper
734 652 913 727 habebunt
934 652 1037 727 rerba
1060 652 1183 745 fidem,
1207 655 1236 724 si

246 876 335 925 ratium
345 875 463 940 scripsisse
477 876 665 940 pntozDisoris
674 891 743 941 egre·
775 884 836 925 nata
855 892 902 925 oon
922 882 962 924 est
976 881 1120 938 poetaram,
1143 879 1225 921 tanton
1240 873 1270 920 in

244 965 303 1028 gie,
320 969 404 1010 notura
419 964 445 1010 si
459 962 550 1009 callida
565 963 662 1010 verbnm
677 962 741 1010 Rea·
773 977 802 1009 ea
821 961 949 1009 licentiam
972 966 1057 1007 statuo
1079 959 1195 1006 maiorem
1218 971 1272 1005 esse

247 1050 344 1097 diderit
363 1050 482 1097 iunctura
497 1064 603 1109 noounr5
633 1050 677 1111 Si,
702 1049 746 1097 ubi
769 1047 943 1109 facieredomnc
963 1027 1184 1110 iungendamque
1199 1060 1272 1094 voca·

239 1137 313 1198 forte
323 1151 418 1184 necessa
429 1143 479 1198 est,
487 1136 597 1184 Iudiciis
605 1142 751 1183 monstrare·
778 1136 894 1183 hulmum.
914 1135 942 1181 Et
956 1150 976 1182 e.
988 1134 1029 1181 29.
1049 1133 1118 1198 Ergo
1130 1135 1175 1181 iile
1188 1134 1273 1181 tuuis

248 1224 388 1271 recentibus
411 1224 497 1271 abdita
512 1235 606 1281 renem,
632 1221 742 1284 lingere
775 1229 870 1283 orator,
887 1220 955 1267 rnodo
970 1220 1008 1266 sit
1023 1219 1121 1283 elegans
1133 1234 1177 1267 nec
1193 1221 1223 1267 in
1227 1220 1273 1281 fa·

250 1311 374 1357 oinotutis
401 1324 450 1356 non
479 1307 598 1378 eaaadita
630 1307 747 1371 Cethegis
779 1309 877 1356 ciendis
898 1308 980 1356 verbis
1000 1306 1053 1352 erit
1076 1305 1173 1367 audon,
1197 1312 1223 1353 et
1244 1307 1274 1353 in

251 1397 403 1460 Contigerit.
425 1393 532 1458 Optime,
552 1392 616 1459 quod
632 1392 662 1442 ed
678 1395 747 1442 Lati·
781 1395 961 1455 transferendis
973 1392 1134 1453 omemondus,
1145 1398 1171 1438 et
1180 1408 1274 1455 parcus

249 1486 351 1533 nitatem
361 1481 746 1542 attinet,conneotuntur:lliae-
777 1482 807 1528 in
818 1482 923 1545 priscis.
941 1482 970 1528 Et
985 1482 1058 1529 aba
1082 1479 1133 1526 Est
1145 1479 1211 1524 enim
1224 1481 1275 1528 Iso·

249 1569 289 1616 ris
316 1568 430 1632 egregio,
456 1567 482 1613 si
503 1566 641 1613 reddiderit
663 1591 697 1601 —-
720 1568 746 1614 si
777 1574 872 1629 crates,
891 1574 921 1615 ut
936 1570 966 1615 in
980 1565 1162 1626 transferendis
1170 1566 1275 1626 facien-

251 1656 397 1720 contigerit.
425 1648 530 1718 optime,
553 1651 617 1719 quod
640 1651 671 1702 ad
692 1671 749 1702 sen·
781 1655 867 1718 disque
889 1656 971 1703 verbis
997 1655 1170 1717 tranquillior,
1192 1654 1230 1700 sic
1245 1653 1276 1699 in

252 1746 360 1793 tentiam.
386 1744 473 1791 Tenuis
498 1752 523 1791 et
547 1753 631 1792 cantus
652 1754 702 1792 esto
723 1745 749 1792 in
781 1745 848 1808 apsis
859 1745 970 1792 numeris
982 1742 1099 1791 sedatior.
1111 1739 1176 1789 ldem
1186 1739 1215 1788 de
1223 1739 1277 1787 Ore·

252 1830 348 1881 delectu
365 1829 499 1879 uerborum.
519 1829 663 1878 Laudaberis
680 1833 752 1879 etiam
786 1839 835 1878 tore
845 1830 892 1893 lll,
903 1832 943 1879 38.
960 1830 1092 1879 Novantur
1099 1836 1182 1876 autern
1189 1828 1276 1889 verba,

252 1919 274 1967 si
287 1934 373 1966 novum
388 1916 486 1966 verbnm
500 1934 543 1982 per
557 1919 747 1982 compositionem
780 1932 841 1981 quoae
856 1918 886 1964 ab
904 1933 931 1965 eo
947 1919 990 1980 qui
1006 1917 1071 1965 dicit
1086 1917 1141 1979 ipso
1161 1917 1278 1981 gignun-

255 2004 354 2060 l'eceris;
378 2001 527 2063 laudaberis,
545 2004 579 2063 si,
597 1999 691 2067 quondo
707 2018 752 2048 ne·
786 2008 828 2047 tur
844 2017 873 2048 ao
881 2003 960 2061 finnt.
975 2002 1008 2048 De
1023 2002 1106 2052 Partit.
1123 2003 1186 2051 Orat.
1201 2019 1221 2051 c.
1236 2004 1277 2050 el.

252 2103 315 2135 cesse
333 2096 383 2147 est,
405 2085 503 2134 uerbum
521 2087 591 2152 plane
608 2103 694 2135 norum
710 2097 751 2133 nt·
786 2087 906 2135 Utendum
924 2091 976 2136 erit
997 2091 1035 2137 iis
1050 2091 1080 2137 in
1096 2091 1207 2137 oratinro
1222 2090 1279 2137 sin-

251 2188 298 2238 que
322 2165 393 2219 inter
417 2172 565 2236 inauditnm,
598 2174 676 2221 faeere
701 2171 748 2220 tibi
777 2175 894 2238 gulorunt
909 2176 1205 2243 oerborurninsignibus,
1219 2193 1280 2241 meae

251 2260 389 2324 contigerit.
417 2260 445 2307 Et
466 2259 511 2308 hoe
528 2259 575 2309 tibi
591 2258 747 2321 concedetur,
782 2261 871 2308 labem
877 2262 1016 2324 plurimum
1024 2266 1177 2325 suavitatis;
1188 2265 1278 2326 idest,

252 2344 490 2396 simodesteieceris.
511 2348 538 2396 In
551 2347 594 2396 illo
609 2348 635 2394 si
647 2344 753 2394 modesta
785 2354 815 2395 ut
830 2348 916 2407 sactis
936 2351 1017 2397 verbis
1035 2358 1081 2400 aut
1102 2354 1211 2400 uetustis
1234 2357 1280 2399 aut

246 2433 360 2495 seceris,
377 2434 424 2481 iam
437 2431 710 2494 difficultasindicatur,
725 2442 754 2478 nt
787 2434 922 2479 translatis
935 2434 1083 2497 frequenter
1105 2446 1214 2488 utamur.
1246 2439 1280 2484 De

193 2556 195 2561 ·
254 2521 406 2585 intelligutur
427 2522 461 2568 sie
482 2520 531 2567 diei
544 2535 590 2566 non
604 2534 685 2582 posse,
706 2519 757 2565 tili
787 2517 884 2566 Finibus
898 2520 998 2582 lll,16.
1022 2523 1081 2570 Cum
1090 2526 1282 2573 utereturZeno

253 2609 390 2671 continget.
410 2606 488 2671 Igitur
504 2616 554 2653 tum
572 2602 665 2651 demum
682 2618 751 2668 egre·
783 2605 812 2651 in
829 2605 917 2669 lingua
932 2609 1029 2670 copiosa
1036 2608 1123 2668 factis
1141 2617 1222 2659 tomen
1239 2627 1281 2659 no·

251 2694 297 2758 gie
313 2692 429 2754 diceris,
454 2692 475 2739 si
490 2689 636 2754 contigerit.
667 2684 754 2735 Eodem
785 2689 896 2736 minibus
916 2705 945 2737 ac
960 2693 1039 2741 noeis.
1064 2694 1094 2741 Et
1110 2697 1210 2744 iterum:
1233 2696 1284 2746 Sed

255 2777 319 2827 modi
340 2777 472 2827 observatio
498 2776 524 2823 in
548 2771 704 2839 sequentibus
726 2772 753 2819 si
784 2789 833 2820 non
853 2775 964 2822 alienans
985 2785 1037 2840 est,
1061 2780 1226 2863 quosaeilias
1241 2785 1282 2831 vis

255 2865 361 2913 cadam:
383 2879 425 2930 pro
448 2877 495 2927 quo
515 2859 576 2909 male
598 2861 624 2909 in
640 2859 694 2908 aliis
709 2874 754 2907 ca-
785 2861 854 2908 verbi
869 2863 1047 2928 intelligatur,
1068 2868 1191 2915 renonem
1207 2870 1283 2917 leuius

256 2953 316 3001 dont
331 2952 370 3001 rol
388 2951 488 3000 edunt.
786 2949 856 2996 verbi
877 2949 995 3010 faciendi
1019 2956 1131 3004 Zenonis
1154 2971 1280 3021 exponere.

291 3040 329 3087 Et
344 3053 405 3086 nova
413 3040 525 3100 fictaque
539 3050 617 3100 nuper
632 3035 751 3086 habebunt
782 3034 874 3085 Gellius
890 3037 959 3101 Xlll,
977 3042 1016 3089 15.
1035 3042 1088 3100 Qui
1100 3044 1172 3092 uerba
1187 3045 1281 3093 latim

258 3124 421 3183 ambafidcrn.
439 3124 514 3172 licta
527 3124 599 3171 uerba
609 3121 700 3170 habeut
710 3121 751 3169 co·
775 3122 906 3187 fecerum,
919 3127 1008 3190 quiquo
1018 3129 1059 3177 luis
1066 3132 1142 3193 prole
1154 3133 1198 3180 usi
1205 3138 1277 3194 sunt,

257 3206 322 3257 dices
348 3209 434 3270 nostri,
461 3218 490 3256 ut
515 3208 630 3257 editiones
653 3223 747 3266 omnes;
783 3206 956 3259 humanitatem
971 3216 1157 3277 appellaverunt
1178 3219 1208 3267 id
1219 3234 1282 3282 pro·

257 3305 322 3343 recta
339 3293 449 3360 qudem,
466 3297 487 3344 si
502 3295 550 3344 alio
563 3295 614 3343 looo
631 3304 700 3344 eust.
722 3295 753 3342 dt
781 3298 926 3362 modum,
954 3303 1016 3364 quod
1039 3306 1128 3353 Graeci
1150 3304 1282 3355 nascita»,

260 3396 324 3430 nuno
339 3397 409 3429 versu
428 3380 515 3431 nbbino
531 3383 607 3433 altero
623 3399 757 3449 praecesse·
788 3392 883 3434 uocant.
906 3386 942 3436 lta
959 3387 1042 3439 Graeci
1060 3390 1144 3441 dicunt
1161 3391 1284 3451 isinana

259 3477 298 3517 rat
311 3466 392 3516 eodem
405 3472 585 3535 scnsufingero.
599 3469 754 3535 Quamobrem
786 3477 875 3520 storeis
889 3482 914 3521 et
926 3476 1103 3541 πεποιημένα.
1121 3479 1281 3530 nuruum.

260 3570 291 3604 na
314 3565 362 3603 tam
384 3555 469 3620 putida
492 3559 636 3622 repetitione
660 3556 759 3607 nitidis-
824 3560 871 3625 ligo
876 3563 943 3622 ficta
951 3575 1049 3630 propter
1064 3582 1114 3614 eam
1122 3582 1226 3614 causum
1241 3582 1284 3615 re·

261 3643 347 3691 uuum
370 3658 463 3691 carmen
479 3641 627 3703 maculetur,
644 3641 759 3691 amenei-
789 3644 920 3709 tinnerim,
945 3659 1043 3714 propter
1068 3666 1138 3716 quam
1162 3651 1284 3701 bentleius

261 3746 314 3778 mus
338 3730 491 3778 certissimam
515 3729 654 3792 lectionem,
685 3746 757 3796 quarn
788 3732 814 3780 in
822 3732 898 3792 forero
913 3739 1022 3785 mutavit.
1042 3738 1162 3803 Repetitio
1179 3737 1284 3788 eiusdem
1376 3723 1378 3727 Α

263 3816 366 3866 Fabricii
381 3815 475 3866 Codices
488 3816 708 3866 subministrarunt:
721 3818 758 3866 Et
790 3820 859 3870 uerbi
874 3838 920 3870 non
936 3822 1004 3871 modo
1020 3821 1094 3873 habet
1110 3827 1171 3888 uim,
1185 3825 1227 3875 sed
1243 3826 1283 3876 hio

202 3949 218 3968 l
261 3917 323 3951 nova
335 3891 456 3968 factdpao
471 3919 548 3969 nuper
564 3905 682 3952 balebcnt
697 3919 756 3951 ver-
787 3905 859 3955 etiam
881 3908 1023 3973 postulatur.
1054 3911 1153 3976 Egregie
1180 3909 1282 3976 dixeris,

262 3991 292 4039 ba
305 3992 397 4054 fidem,
419 3994 445 4039 si
467 3992 557 4040 Graeco
569 3991 644 4050 fonte
660 3991 755 4039 eadent.
789 3992 880 4058 inquit,
895 3995 986 4043 sinora
999 3994 1046 4044 tibi
1057 3995 1172 4045 vocabulo
1181 4000 1283 4062 fingere

261 4074 340 4125 Cicero
354 4077 380 4125 in
392 4075 487 4126 Oratore
501 4095 522 4128 c.
532 4078 574 4128 w.
592 4078 647 4143 Ego
658 4084 754 4140 auran,
788 4081 927 4145 eontigerit:
942 4091 1013 4148 atque
1027 4083 1086 4133 haec
1099 4083 1146 4134 tibi
1155 4086 1224 4133 venir
1240 4083 1281 4133 da·

259 4163 364 4213 etiam
382 4164 533 4228 quorundam
544 4164 653 4230 grandis
668 4169 695 4211 et
710 4177 752 4210 or-
783 4160 864 4227 bitur,
880 4165 1046 4216 aversanae
1059 4168 1152 4217 leceris.
1171 4166 1281 4232 lingere
