3009 5000
238 459 265 545 'a
499 475 712 540 noannrr
741 471 985 536 nrrsrons

272 681 345 754 Scis
369 675 544 751 simulare:
568 673 759 769 quidhoc,
783 675 812 744 si
835 670 950 745 fractis
971 679 1084 746 enatat
1105 698 1223 772 exspes

272 796 443 888 Navibus,
463 820 537 867 aere
549 794 628 867 dato
645 796 705 889 qui
723 791 902 889 pingitur?
927 793 1101 890 Amphora
1111 796 1223 891 coepit

273 916 427 1004 Institui3
452 924 608 988 currente
631 921 705 985 rota
729 938 793 985 our
817 936 939 986 urceus
962 911 1062 986 exiti

272 1035 426 1131 Denique
443 1037 486 1107 ait
501 1034 595 1130 quod
610 1034 676 1126 via,
701 1032 843 1127 simplex
858 1032 1033 1105 dumtaxat
1049 1042 1085 1106 et
1103 1059 1223 1108 unum·

240 1257 294 1310 pse.
317 1243 402 1308 Neque
417 1242 483 1290 enin
497 1239 582 1290 medo
593 1239 673 1302 Celso,
690 1239 734 1304 qui
765 1246 849 1287 natans
871 1239 898 1288 in
922 1238 1061 1304 fragmentis
1079 1249 1165 1305 ruptas
1179 1241 1255 1291 naris.

240 1332 271 1381 oi
287 1327 542 1392 maioreveriuflngi
549 1332 626 1375 vetut.
643 1325 735 1373 ltaoli·
768 1324 893 1389 Pingitur
908 1335 944 1373 est
959 1326 1109 1393 γράφεται,
1124 1329 1150 1376 vi
1164 1326 1255 1378 media:

240 1417 302 1482 quid
315 1416 420 1477 audere,
436 1412 466 1462 de
482 1429 529 1479 quo
545 1414 625 1463 linum.
641 1411 672 1462 ad
685 1411 732 1462 in·
763 1426 838 1459 noves
845 1392 963 1476 fraitoe,
988 1422 1043 1461 sunt
1058 1412 1137 1462 lacera
1151 1414 1256 1463 membra

240 1503 302 1554 tbol.
318 1504 370 1553 Lat.
383 1502 410 1552 T.
424 1502 444 1551 1.
461 1515 516 1566 pag.
530 1501 586 1548 180.
764 1498 845 1561 navis,
859 1486 996 1562 notuimus.
1019 1499 1092 1549 Recte
1108 1503 1188 1566 posuit
1202 1502 1257 1567 plu-

268 1588 343 1647 Quid
357 1588 417 1651 lsoc,
441 1586 574 1647 sisroctis
589 1593 676 1634 enatat
691 1601 734 1634 eu·
764 1583 856 1647 raleni,
878 1586 934 1650 quia
950 1586 977 1633 in
992 1600 1053 1633 neve
1060 1586 1150 1647 fructu
1165 1586 1256 1636 multae

239 1690 295 1740 spes
318 1674 448 1737 Navibus,
465 1687 521 1721 nors
542 1671 601 1720 dato
618 1671 663 1735 qui
672 1671 734 1736 pin·
764 1679 861 1736 portes,
876 1669 916 1719 bic
932 1670 984 1719 illic
996 1670 1136 1735 fluitantes,
1152 1675 1256 1739 cogitan-
1338 1664 1342 1669 ’

235 1758 334 1827 gitur?
344 1762 391 1827 ligo
404 1759 731 1824 reetamsententiam,quae
764 1767 813 1806 tur.
837 1755 906 1822 Apud
930 1757 1034 1806 Persium
1056 1759 1135 1827 Satyr.
1158 1762 1187 1824 l,
1205 1763 1256 1825 88,

238 1845 277 1897 bis
291 1845 370 1896 verbis
386 1845 462 1896 tribui
475 1844 566 1909 possit,
582 1859 629 1891 non
642 1845 733 1908 perspi·
766 1856 802 1894 est
814 1845 880 1894 locus
886 1846 1012 1895 Horatiano
1024 1845 1170 1895 simillimus:
1187 1849 1257 1896 Men'

238 1934 284 1982 cio.
309 1930 371 1996 Quid
387 1930 613 1995 enimsignilicant?
628 1929 732 1979 Fortasse
764 1939 875 1994 moueat,
892 1934 996 1996 quippe,
1016 1940 1043 1981 et
1056 1941 1141 1981 contet
1155 1936 1181 1982 ai
1194 1950 1256 1983 ncu-

238 2026 315 2067 artem
336 2016 443 2081 cupressi
463 2014 585 2079 eleganter
600 2014 733 2080 pingendae
756 2016 869 2082 srogus,
894 2032 974 2065 mocon
997 2017 1175 2068 Protulsrim?
1200 2036 1257 2068 con·

237 2100 312 2171 probs
336 2111 411 2149 tenes.
430 2097 477 2148 Sed
500 2098 559 2164 quid
583 2116 611 2149 ea
631 2116 669 2148 ars
684 2099 731 2149 tibi
765 2108 819 2164 tus,
835 2100 982 2161 crsnssructo
998 2108 1023 2149 to
1038 2105 1068 2151 in
1081 2106 1255 2169 uuispietuns

237 2190 349 2258 prodest,
370 2191 392 2239 si
407 2188 468 2251 ille,
489 2190 533 2255 qui
544 2188 669 2254 pecuniam
686 2186 733 2236 tibi
765 2187 808 2236 Ec
815 2189 913 2236 humero
924 2194 1023 2251 portes:
1034 2205 1089 2238 narn
1092 2191 1216 2257 pungetur
1224 2198 1256 2240 ut

238 2276 322 2341 dedit,
346 2285 375 2323 ut
391 2277 517 2341 pingatur,
535 2284 571 2323 est
586 2275 729 2340 naufragus,
763 2279 836 2320 nutet
852 2273 985 2334 infractis
999 2276 1117 2338 nceidacs,
1133 2284 1159 2323 et
1169 2277 1262 2340 pictus

238 2374 281 2429 et,
305 2365 370 2413 omni
393 2379 434 2429 spe
455 2359 565 2423 ademta,
598 2359 732 2426 periculum
764 2368 803 2409 est
823 2362 853 2408 in
873 2362 941 2410 troie
954 2362 1060 2424 fracto,
1084 2360 1257 2410 nihilomnino
1295 2352 1297 2355 ⁸

237 2452 316 2503 nando
341 2449 433 2500 enain!
457 2449 485 2496 In
508 2447 553 2497 bac
570 2448 732 2496 enuntiatione
766 2442 890 2492 differunt.
915 2443 980 2491 ldem
995 2445 1073 2510 Satyr.
1087 2446 1182 2508 inat.
1205 2453 1257 2494 trc-

238 2541 299 2591 duae
307 2556 345 2588 res
353 2531 631 2601 suntreprehendendaes
641 2531 731 2592 altera,
765 2529 792 2576 do
815 2537 907 2593 rupta,
933 2532 1041 2579 Barettic
1063 2548 1126 2580 socc
1149 2532 1257 2606 Prendit
1338 2587 1343 2595 .

175 2664 178 2671 .
237 2624 302 2694 quod
314 2623 436 2673 obscurius
448 2616 733 2681 indicatur,naufrsgum
765 2614 860 2662 aminis
875 2616 1067 2680 inmanemque
1082 2633 1186 2680 manen,
1201 2634 1257 2666 sur·

237 2709 329 2761 dedisse
350 2708 475 2774 pecuniam
495 2715 524 2754 ut
539 2706 565 2752 in
580 2704 658 2769 figura
672 2718 732 2750 nau·
764 2699 840 2763 &qus
861 2709 917 2749 voto
943 2702 1061 2751 Condidit
1083 2704 1167 2752 Ionio:
1190 2705 1258 2753 iacet

238 2797 304 2862 sragi
324 2804 349 2843 et
372 2795 423 2842 sine
444 2808 486 2857 spe
507 2791 587 2840 nantis
602 2791 730 2855 pingatur3
766 2787 820 2849 ipn
835 2788 865 2834 in
878 2789 969 2850 litore,
990 2795 1016 2836 et
1030 2804 1081 2837 uno
1095 2790 1213 2855 Ingentes
1226 2790 1257 2839 ds

237 2880 328 2943 altera,
353 2876 416 2945 quod
432 2891 519 2943 enspss
534 2886 559 2924 et
574 2882 662 2924 anatot
676 2881 732 2921 sunt
759 2877 995 2940 puppaDei.--
1009 2877 1116 2941 largire
1128 2878 1212 2941 inopi,
1225 2891 1257 2925 no

238 2968 364 3016 contraria.
396 2964 453 3013 Nam
469 2964 512 3029 qui
527 2968 630 3023 anatot,
651 2961 730 3009 salvus
757 2965 846 3027 pictsus
870 2966 965 3013 oberret
981 2965 1097 3013 Caeneus
1112 2966 1142 3012 in
1157 2965 1257 3013 tubulus

239 3063 291 3117 est,
304 3056 331 3102 in
346 3063 426 3101 tutum
444 3051 519 3098 venit.
544 3049 573 3095 Et
588 3045 644 3095 talis
657 3047 733 3114 imago
766 3048 811 3098 hoc
827 3059 876 3106 est;
894 3068 924 3099 ne
941 3049 1052 3111 oberret,
1068 3050 1157 3115 stipem
1171 3067 1257 3116 rogans

240 3142 319 3189 minus
339 3148 396 3205 apta
412 3146 464 3185 erat
479 3133 509 3183 ad
525 3131 672 3182 excitandum
688 3134 732 3182 mi·
765 3145 789 3183 et
810 3137 928 3201 picturam
946 3136 1087 3199 ostendens,
1116 3137 1142 3185 in
1159 3145 1258 3202 quaest

240 3223 402 3275 sericordiam:
416 3219 543 3289 portabant
553 3221 616 3270 enim
624 3220 736 3286 naufragi
765 3222 845 3287 imago
860 3221 980 3270 haerentis
995 3223 1021 3271 iu
1036 3219 1136 3284 tabula,
1160 3223 1186 3270 in
1209 3221 1258 3269 sra-

240 3309 336 3361 tabulas
351 3318 442 3358 suaset
456 3310 543 3373 stipem
559 3305 681 3372 rogabant.
695 3307 733 3356 li·
765 3309 844 3373 gmine
852 3309 950 3374 navigii.
960 3306 1073 3358 Inverbis
1081 3310 1154 3357 Persii
1162 3323 1258 3372 remque

182 3384 187 3392 ¹
241 3394 271 3446 ds
295 3393 430 3460 exemplum
453 3393 557 3441 auctoris
576 3390 607 3441 ad
628 3392 731 3442 Herenn.
765 3395 1255 3460 onsnunsurdoqueootocondiditlonio,

242 3484 286 3548 lt,
301 3483 342 3531 44.
367 3481 411 3529 Ec
425 3479 559 3544 nusssrugio
570 3480 673 3542 petrino
686 3480 736 3527 sai·
769 3482 840 3530 etiam
861 3481 1004 3546 praesidium
1025 3493 1061 3532 est
1075 3483 1201 3531 Horatiano
1217 3497 1259 3530 es·

241 3585 287 3619 vics
312 3582 380 3616 nenio
403 3573 489 3630 potest
513 3574 621 3616 murone.
654 3567 733 3617 cicero
766 3583 837 3633 spes,
862 3585 904 3633 pro
928 3584 975 3634 qno
997 3569 1123 3633 nonnulli,
1147 3568 1211 3635 qnod
1230 3570 1257 3619 in

241 3656 309 3704 Tusa.
326 3653 421 3718 Quaest.
437 3651 518 3717 V,3l.
541 3655 645 3718 Reliqui
657 3668 683 3702 se
697 3655 734 3703 oi·
766 3654 828 3703 MSS.
845 3664 981 3721 corruptum
989 3656 1079 3723 legitur
1090 3672 1180 3722 aupes,
1191 3672 1257 3705 acce

241 3743 332 3793 dentur
355 3741 441 3790 babere
456 3740 609 3805 angustius:
630 3746 735 3788 enatem
766 3751 861 3807 perunt.

244 3837 334 3879 tusam.
355 3828 478 3878 Horatium
490 3827 609 3892 scripsisse
622 3827 734 3876 coniicio:
799 3827 911 3890 Denique
927 3827 979 3888 sic,
999 3829 1062 3890 quod
1075 3829 1130 3892 ais,
1150 3830 1258 3895 simplos

243 3915 312 3975 Quid
333 3917 389 3978 icoc,
410 3917 449 3978 si,
473 3920 504 3962 nt
516 3912 616 3975 fractis
636 3916 736 3963 innatet
768 3913 899 3961 iunctum
919 3921 945 3962 ei
962 3929 1044 3963 unum.
1077 3912 1199 3980 [ibiquod
1217 3918 1258 3965 ois

243 4017 329 4067 scopes
343 4001 458 4051 Navibus
473 4016 529 4050 aere
541 4001 599 4049 doto
611 4003 668 4065 quis
675 4002 735 4066 pin·
766 4000 967 4066 interpretantur,
976 4000 1038 4065 quod
1048 4001 1183 4064 instituis,
1197 4001 1260 4066 quod

238 4088 323 4154 gitur.
339 4086 431 4154 siquis
445 4105 471 4137 ss
486 4088 521 4136 ita
537 4085 682 4153 pingendum
693 4102 734 4135 cu·
765 4087 896 4151 cauponis
927 4085 1016 4136 Recte:
1034 4086 1077 4138 sed
1095 4098 1121 4137 et
1140 4088 1214 4152 friget
1229 4102 1258 4136 es

241 4182 293 4239 rat,
317 4182 346 4222 ut
369 4173 394 4223 in
412 4171 495 4222 tabula
515 4175 674 4240 conspiciatur
698 4175 733 4224 in·
766 4173 853 4239 lectio,
878 4183 903 4223 et
918 4175 944 4223 in
959 4172 1139 4241 ambiguitatem
1154 4172 1257 4234 incidit,
