3009 5000
276 433 338 495 226
540 437 1028 513 44014411141141014

286 637 417 706 Servari
438 637 550 712 nolit?
574 638 702 732 dicam,
727 640 903 737 Siculique
925 656 1044 742 poetae
1218 649 1310 733 463ss

285 754 435 828 Narrabo
455 759 646 831 interitum:
671 760 764 831 Dour
787 761 985 837 immortalis
1009 766 1125 844 haberi
1220 789 1309 851 464.

285 873 377 943 Dum
386 876 902 972 eupitEmpedoolcs,ardentem
910 882 1053 978 frigidus
1063 888 1206 966 Aetnam
1219 908 1306 969 4614.

288 992 439 1083 insiluit,
465 997 509 1066 ait
527 997 581 1068 ius
604 998 769 1093 liceatque
793 1002 903 1094 perire
927 1008 1054 1097 poetis:
1188 1048 1191 1055 ¹
1220 1026 1310 1089 466.’

287 1110 434 1182 Invitum
456 1116 516 1208 qui
536 1112 663 1208 serrat,
689 1117 779 1188 idem
800 1118 880 1189 iacit
903 1124 1085 1198 occidenti:
1218 1140 1303 1206 467.

288 1229 355 1299 Neo
374 1233 476 1304 semel
493 1233 559 1304 hoe
576 1235 672 1323 leoit3
696 1259 777 1327 neo,
798 1238 826 1306 oi
842 1247 1006 1314 retractus
1023 1248 1102 1338 erit,
1124 1249 1192 1319 iam
1221 1262 1310 1326 468:

287 1345 358 1417 Fiet
378 1348 500 1439 homo,
526 1358 560 1421 et
582 1360 686 1446 ponet
710 1352 856 1448 famosae
878 1363 995 1432 mortis
1020 1388 1178 1436 amorem.
1220 1379 1302 1442 459.

284 1465 354 1535 Nec
379 1468 457 1537 satis
481 1477 622 1564 apparot
645 1495 709 1541 our
731 1495 847 1544 4444444
871 1475 1013 1550 iactitat:
1037 1488 1155 1556 utrum
1219 1495 1303 1559 476.

286 1582 443 1656 Minxerit
467 1588 501 1657 in
525 1590 819 1685 patriosveinereo,
845 1617 888 1663 an
909 1598 1004 1670 141414
1025 1599 1173 1674 bidental
1221 1613 1303 1679 471.

287 1702 429 1778 Μ444411
451 1707 613 1794 incertia
638 1718 729 1780 44414
752 1709 853 1802 furit,
879 1717 1035 1789 4444141
1060 1743 1161 1792 44444
1222 1731 1303 1796 472.

278 1988 398 2038 aetatibus
417 2000 519 2056 spectet.
546 1993 716 2057 Argumentum
742 2004 779 2042 est
811 1996 859 2045 tica
879 2012 926 2046 non
947 2000 998 2048 sine
1018 2002 1200 2067 magnolabore
1217 2021 1311 2074 compa·
1357 2040 1359 2045 -

276 2074 315 2123 vel
336 2084 405 2123 retus
422 2075 461 2124 rel
479 2091 574 2125 norum.
596 2077 660 2125 Nora
675 2093 775 2142 persona
806 2089 882 2129 ratur.
907 2082 962 2132 Sine
983 2101 1012 2132 44
1029 2097 1114 2152 poetae
1130 2090 1193 2139 fiunt
1213 2091 1308 2158 inepti,

278 2159 325 2209 sibi
351 2158 441 2226 ubique
462 2170 561 2211 constet.
591 2161 777 2227 Argumentum,
809 2165 891 2231 quales
906 2166 977 2217 hodie
996 2180 1051 2220 44441
1071 2173 1151 2224 multi.
1168 2176 1197 2224 Et
1213 2185 1307 2240 14444444,
1369 2196 1371 2201 ⁴

276 2249 323 2295 iarn
339 2245 369 2296 ab
387 2246 441 2295 aliis
459 2256 605 2312 tractatum,
622 2258 659 2297 441
681 2248 779 2299 facilius
810 2252 831 2300 si
847 2269 913 2302 meus
923 2265 994 2319 poeta
1008 2258 1041 2309 sit
1054 2256 1133 2323 dives,
1150 2259 1262 2312 laudatur
1277 2262 1308 2312 eb

276 2331 597 2397 quamnondumtractatum.
607 2333 779 2384 Omniainsoe·
810 2336 990 2405 adulatoribus,
1015 2342 1057 2392 scd
1072 2361 1086 2393 a
1102 2344 1262 2411 prudentibus
1276 2350 1310 2399 rii

276 2435 307 2467 444
320 2435 350 2466 ne
359 2417 435 2467 boulis
450 2427 608 2484 spectatorum
617 2430 773 2484 exponantur.
807 2421 886 2473 detur.
909 2424 977 2492 Isque
998 2429 1049 2477 risu
1064 2428 1149 2496 dignus
1168 2442 1211 2482 est.
1234 2435 1306 2498 Nam,

277 2505 310 2552 De
330 2521 427 2553 numero
449 2514 545 2553 actuum
568 2516 593 2553 et
613 2522 775 2571 personarum.
808 2508 864 2557 dum
877 2527 902 2560 se
917 2512 1095 2579 intelligentem
1112 2529 1137 2568 et
1149 2522 1229 2586 magni
1241 2524 1307 2588 inge-¹

277 2589 311 2637 De
323 2590 400 2637 officio
412 2588 489 2637 chori,
503 2590 580 2654 Atque
596 2588 635 2637 his
651 2589 680 2638 de
693 2591 776 2639 lleroi·
806 2595 843 2641 nii
854 2604 940 2659 putet,
954 2598 1050 2650 insanit.
1297 2653 1303 2658 Δ.

274 2691 303 2724 44
317 2684 341 2723 41
354 2675 486 2722 1144441144
500 2676 602 2723 carmine
614 2674 698 2739 dictis,
713 2692 776 2726 conr·
839 2678 953 2730 Absolute
965 2684 1013 2733 ianr
1026 2684 1073 2736 hoc
1085 2706 1137 2739 44444
1150 2708 1233 2758 opere,
1245 2691 1302 2743 alio·

275 2775 358 2807 munes
384 2759 499 2826 quaedam
522 2758 700 2826 subiunguntur
723 2764 775 2812 ani·
806 2780 859 2813 rnrn
884 2765 1061 2834 dispositionem
1078 2775 1179 2840 inspexi.
1203 2777 1302 2828 Verebar

275 2844 461 2909 madrersioncs,
483 2846 571 2895 veluti:
597 2846 626 2895 de
643 2848 733 2896 Natura
749 2859 775 2897 et
807 2852 871 2899 enim
887 2869 931 2916 ne,
948 2856 970 2903 si
985 2857 1051 2921 prius
1068 2859 1238 2927 imperiosam,
1254 2866 1305 2914 vin-v

275 2934 331 2981 Arte
357 2931 483 2997 iungenda.
508 2932 607 2981 Graecos
624 2933 650 2980 in
671 2943 774 2999 utreque
807 2936 868 2985 culis
891 2937 1032 3003 quibusdam
1055 2960 1093 2992 me
1108 2946 1159 3010 ipse
1175 2948 1302 3015 impeditu-

275 3017 428 3080 excclluisse,
450 3018 565 3066 Romanos
587 3018 679 3081 minus,
700 3018 773 3085 idque
805 3037 846 3070 rus
869 3023 984 3087 fuissem,
1011 3042 1074 3092 quae
1094 3031 1188 3097 integro
1211 3033 1299 3083 iudicio

275 3112 372 3168 propter
395 3120 528 3168 perversam
544 3120 670 3169 puerorum
690 3102 776 3153 educa·
808 3106 888 3157 obesse
905 3113 1044 3174 potuissent.
1059 3115 1124 3165 llanc
1138 3133 1154 3165 a
1166 3134 1219 3168 mea
1234 3120 1301 3185 longe
1318 3151 1321 3160 ·

274 3191 371 3236 tionem.
401 3189 473 3236 Poeta
496 3189 557 3237 utile
580 3188 645 3238 dulci
665 3191 771 3240 misceat.
805 3209 855 3242 esse
872 3193 1001 3261 diversam,
1014 3215 1061 3248 non
1070 3204 1121 3250 sine
1131 3220 1216 3270 magna
1232 3208 1304 3256 animi

274 3274 347 3322 Nemo
371 3284 441 3338 poeta
463 3284 499 3322 est
521 3274 618 3340 quidem
637 3277 772 3340 perfeetus3
806 3277 900 3329 laetitia
915 3286 1021 3347 cognovi.
1043 3286 1155 3338 ductores
1169 3308 1244 3341 novae
1260 3291 1305 3341 dis*

274 3359 370 3408 studeat
380 3368 473 3421 tamen,
490 3370 606 3425 quantum
618 3364 705 3426 possit,
721 3379 776 3428 per·
807 3365 930 3429 positionis
943 3379 999 3418 44441
1016 3371 1131 3424 Antonius
1145 3375 1303 3442 Riccobonus,

273 3446 381 3494 fectioni.
411 3445 506 3493 Carmen
528 3444 633 3512 undique
658 3457 683 3496 41
707 3449 774 3497 intus
805 3450 888 3499 Daniel
907 3452 1034 3520 Heinsius,
1057 3458 1191 3510 Lndovicns
1207 3463 1305 3530 llespre·

274 3533 378 3597 spectari
390 3547 437 3579 non
449 3529 596 3579 reformidet.
613 3531 671 3580 Nam
685 3533 774 3582 44444114-
806 3536 872 3599 4144,
900 3537 984 3588 Petrus
1007 3542 1121 3594 Antonius
1142 3548 1259 3599 Petrinius
1279 3559 1304 3599 41

273 3618 321 3664 cris
336 3626 407 3681 poeta
424 3626 460 3665 cst
475 3617 597 3681 negotium
613 3616 774 3668 intolerabile.
807 3619 955 3673 bouhierius.
976 3625 1053 3676 Editio
1068 3630 1165 3681 Antonii
1177 3632 1303 3686 lliccoboni

273 3703 302 3750 Et
319 3711 397 3751 tamen
413 3703 574 3767 unusquisque
598 3717 679 3751 versus
700 3705 774 3766 facit,
807 3706 896 3771 prodiit
930 3710 1021 3763 Patavii
1049 3731 1072 3765 a.
1094 3719 1173 3777 loon
1200 3720 1302 3770 Danielis

275 3789 381 3853 quamvis
396 3804 444 3836 non
465 3786 588 3845 didicerim
613 3804 691 3853 neque
715 3789 775 3837 alio·
805 3791 1303 3861 1141444ὶὶ14141444,1610;Ι.441441411144·

276 3889 329 3922 rum
342 3873 457 3923 1441141444
470 3875 596 3939 cognoscit.
610 3874 690 3923 Miseri
699 3873 775 3923 bomi-
808 3881 882 3943 prezii
895 3879 1014 3948 (Desprez)
1027 3885 1120 3936 Parisiis
1136 3892 1247 3951 4.1712;
1263 3892 1302 3940 Pe·

275 3976 331 4021 nes,
357 3962 399 4025 qui
419 3961 501 4024 poesin
524 3960 558 4007 sic
583 3970 700 4024 tractent,
720 3978 774 4010 444444
806 3965 839 4011 tri
857 3966 953 4015 Antonii
974 3968 1173 4024 Petriniillomae
1190 3979 1301 4040 41777,

277 4046 415 4109 praesertim
429 4061 457 4093 44
468 4047 500 4093 411
512 4062 550 4094 res
565 4055 613 4094 14444
625 4055 707 4109 vetus,
724 4049 773 4095 uti·
804 4047 849 4097 boc
865 4051 948 4100 titulo:
965 4055 1002 4102 lo
1010 4059 1110 4120 poetica
1125 4061 1155 4108 di
1171 4062 1301 4120 44044414

275 4130 308 4178 lis
329 4139 354 4177 et
367 4128 518 4178 venerabilis.
539 4129 585 4178 Sed
600 4131 703 4181 facultas
718 4148 775 4197 poe-
806 4135 893 4185 Floeoo
920 4141 1054 4189 restituito
1081 4146 1126 4193 oll'
1153 4148 1237 4197 ordino
1261 4163 1301 4198 4444
