<?xml version="1.0" encoding="UTF-8"?>
<!DOCTYPE html PUBLIC "-//W3C//DTD XHTML 1.0 Transitional//EN"
    "http://www.w3.org/TR/xhtml1/DTD/xhtml1-transitional.dtd">
<html xmlns="http://www.w3.org/1999/xhtml" xml:lang="en" lang="en">
 <head>
  <title>
</title>
<meta http-equiv="Content-Type" content="text/html;charset=utf-8" />
  <meta name='ocr-system' content='tesseract 3.04.00' />
  <meta name='ocr-capabilities' content='ocr_page ocr_carea ocr_par ocr_line ocrx_word'/>
</head>
<body>
  <div class='ocr_page' id='page_1' title='image "./qhoratiiflaccie00peergoog_0055.png"; bbox 0 0 3009 5000; ppageno 0'>
   <div class='ocr_carea' id='block_1_1' title="bbox 270 453 1021 518">
    <p class='ocr_par' dir='ltr' id='par_1_1' title="bbox 270 453 1021 518">
     <span class='ocr_line' id='line_1_1' title="bbox 270 453 1021 518; baseline -0.007 0"><span class='ocrx_word' id='word_1_1' title='bbox 270 456 310 518; x_wconf 84' lang='lat'>82</span> <span class='ocrx_word' id='word_1_2' title='bbox 533 454 746 517; x_wconf 79' lang='lat' dir='ltr'>HORATII</span> <span class='ocrx_word' id='word_1_3' title='bbox 776 453 1021 514; x_wconf 76' lang='lat' dir='ltr'>EPISTULA</span> 
     </span>
    </p>
   </div>
   <div class='ocr_carea' id='block_1_2' title="bbox 245 648 1214 751">
    <p class='ocr_par' dir='ltr' id='par_1_2' title="bbox 245 648 1214 751">
     <span class='ocr_line' id='line_1_2' title="bbox 245 648 1214 751; baseline -0.006 -22"><span class='ocrx_word' id='word_1_4' title='bbox 245 694 248 699; x_wconf 56' lang='lat'><em>&gt;</em></span> <span class='ocrx_word' id='word_1_5' title='bbox 297 658 448 729; x_wconf 75' lang='lat' dir='ltr'>Reddere</span> <span class='ocrx_word' id='word_1_6' title='bbox 471 659 531 751; x_wconf 89' lang='lat' dir='ltr'>qui</span> <span class='ocrx_word' id='word_1_7' title='bbox 552 678 649 727; x_wconf 83' lang='lat' dir='ltr'>voces</span> <span class='ocrx_word' id='word_1_8' title='bbox 670 656 737 724; x_wconf 82' lang='lat' dir='ltr'>iem</span> <span class='ocrx_word' id='word_1_9' title='bbox 762 656 826 723; x_wconf 82' lang='lat' dir='ltr'>scit</span> <span class='ocrx_word' id='word_1_10' title='bbox 845 678 933 748; x_wconf 88' lang='lat' dir='ltr'>puer</span> <span class='ocrx_word' id='word_1_11' title='bbox 955 664 990 725; x_wconf 87' lang='lat' dir='ltr'>et</span> <span class='ocrx_word' id='word_1_12' title='bbox 1014 648 1101 748; x_wconf 82' lang='lat' dir='ltr'>pede</span> <span class='ocrx_word' id='word_1_13' title='bbox 1122 662 1214 725; x_wconf 87' lang='lat' dir='ltr'>certo</span> 
     </span>
    </p>
   </div>
   <div class='ocr_carea' id='block_1_3' title="bbox 229 878 1310 4192">
    <p class='ocr_par' dir='ltr' id='par_1_3' title="bbox 229 878 1310 4192">
     <span class='ocr_line' id='line_1_3' title="bbox 266 878 1297 946; baseline -0.007 -16"><span class='ocrx_word' id='word_1_14' title='bbox 266 893 354 930; x_wconf 88' lang='lat' dir='ltr'>utnon</span> <span class='ocrx_word' id='word_1_15' title='bbox 364 883 543 946; x_wconf 83' lang='lat' dir='ltr'>magisnntura,</span> <span class='ocrx_word' id='word_1_16' title='bbox 557 881 685 945; x_wconf 87' lang='lat' dir='ltr'>qnamipsc</span> <span class='ocrx_word' id='word_1_17' title='bbox 694 893 765 925; x_wconf 81' lang='lat' dir='ltr'>sexus</span> <span class='ocrx_word' id='word_1_18' title='bbox 796 880 831 925; x_wconf 89' lang='lat' dir='ltr'>sic</span> <span class='ocrx_word' id='word_1_19' title='bbox 847 894 927 924; x_wconf 87' lang='lat' dir='ltr'>versus</span> <span class='ocrx_word' id='word_1_20' title='bbox 943 893 1043 942; x_wconf 79' lang='lat' dir='ltr'>reP⁰nez</span> <span class='ocrx_word' id='word_1_21' title='bbox 1062 878 1166 926; x_wconf 80' lang='lat' dir='ltr'>Aetatis</span> <span class='ocrx_word' id='word_1_22' title='bbox 1180 878 1297 938; x_wconf 73' lang='lat' dir='ltr'>esaiasque</span> 
     </span>
     <span class='ocr_line' id='line_1_4' title="bbox 265 961 1298 1027; baseline -0.007 -12"><span class='ocrx_word' id='word_1_23' title='bbox 265 969 298 1016; x_wconf 88' lang='lat' dir='ltr'>sit</span> <span class='ocrx_word' id='word_1_24' title='bbox 311 965 413 1014; x_wconf 87' lang='lat' dir='ltr'>mobilis.</span> <span class='ocrx_word' id='word_1_25' title='bbox 431 966 526 1014; x_wconf 82' lang='lat' dir='ltr'>Infinita</span> <span class='ocrx_word' id='word_1_26' title='bbox 539 974 594 1023; x_wconf 81' lang='lat' dir='ltr'>sunt</span> <span class='ocrx_word' id='word_1_27' title='bbox 611 961 674 1027; x_wconf 81' lang='lat' dir='ltr'>apud</span> <span class='ocrx_word' id='word_1_28' title='bbox 688 962 766 1011; x_wconf 86' lang='lat' dir='ltr'>Philo·</span> <span class='ocrx_word' id='word_1_29' title='bbox 798 963 903 1010; x_wconf 82' lang='lat' dir='ltr'>notandi</span> <span class='ocrx_word' id='word_1_30' title='bbox 914 971 974 1010; x_wconf 76' lang='lat' dir='ltr'>ment</span> <span class='ocrx_word' id='word_1_31' title='bbox 988 965 1038 1009; x_wconf 85' lang='lat' dir='ltr'>tibi</span> <span class='ocrx_word' id='word_1_32' title='bbox 1048 978 1142 1023; x_wconf 86' lang='lat' dir='ltr'>mores;</span> <span class='ocrx_word' id='word_1_33' title='bbox 1153 963 1298 1010; x_wconf 75' lang='lat' dir='ltr'>Mobilibus-</span> 
     </span>
     <span class='ocr_line' id='line_1_5' title="bbox 268 1047 1299 1116; baseline -0.006 -17"><span class='ocrx_word' id='word_1_34' title='bbox 268 1049 368 1116; x_wconf 88' lang='lat' dir='ltr'>sopbos,</span> <span class='ocrx_word' id='word_1_35' title='bbox 389 1050 523 1100; x_wconf 84' lang='lat' dir='ltr'>Ciceronem</span> <span class='ocrx_word' id='word_1_36' title='bbox 537 1049 694 1115; x_wconf 86' lang='lat' dir='ltr'>praesertim,</span> <span class='ocrx_word' id='word_1_37' title='bbox 717 1047 767 1096; x_wconf 87' lang='lat' dir='ltr'>huc</span> <span class='ocrx_word' id='word_1_38' title='bbox 798 1063 843 1110; x_wconf 83' lang='lat' dir='ltr'>qne</span> <span class='ocrx_word' id='word_1_39' title='bbox 863 1048 947 1109; x_wconf 83' lang='lat' dir='ltr'>decor,</span> <span class='ocrx_word' id='word_1_40' title='bbox 966 1051 1077 1095; x_wconf 80' lang='lat' dir='ltr'>maturis</span> <span class='ocrx_word' id='word_1_41' title='bbox 1100 1049 1195 1096; x_wconf 68' lang='lat' dir='ltr'>danaim</span> <span class='ocrx_word' id='word_1_42' title='bbox 1215 1055 1242 1095; x_wconf 87' lang='lat' dir='ltr'>ot</span> <span class='ocrx_word' id='word_1_43' title='bbox 1256 1062 1299 1093; x_wconf 81' lang='lat' dir='ltr'>an-</span> 
     </span>
     <span class='ocr_line' id='line_1_6' title="bbox 266 1133 1299 1203; baseline -0.006 -18"><span class='ocrx_word' id='word_1_44' title='bbox 266 1137 394 1195; x_wconf 74' lang='lat' dir='ltr'>iacientitr;</span> <span class='ocrx_word' id='word_1_45' title='bbox 417 1136 480 1184; x_wconf 89' lang='lat' dir='ltr'>unde</span> <span class='ocrx_word' id='word_1_46' title='bbox 502 1137 561 1184; x_wconf 83' lang='lat' dir='ltr'>scias</span> <span class='ocrx_word' id='word_1_47' title='bbox 575 1144 672 1182; x_wconf 83' lang='lat' dir='ltr'>naturas</span> <span class='ocrx_word' id='word_1_48' title='bbox 689 1143 713 1181; x_wconf 88' lang='lat' dir='ltr'>et</span> <span class='ocrx_word' id='word_1_49' title='bbox 729 1134 767 1180; x_wconf 91' lang='lat' dir='ltr'>in·</span> <span class='ocrx_word' id='word_1_50' title='bbox 798 1135 849 1203; x_wconf 79' lang='lat' dir='ltr'>nis</span> <span class='ocrx_word' id='word_1_51' title='bbox 867 1134 980 1181; x_wconf 81' lang='lat' dir='ltr'>Metaris</span> <span class='ocrx_word' id='word_1_52' title='bbox 995 1136 1083 1195; x_wconf 82' lang='lat' dir='ltr'>anais,</span> <span class='ocrx_word' id='word_1_53' title='bbox 1100 1133 1145 1181; x_wconf 92' lang='lat' dir='ltr'>hoc</span> <span class='ocrx_word' id='word_1_54' title='bbox 1160 1143 1209 1194; x_wconf 90' lang='lat' dir='ltr'>est,</span> <span class='ocrx_word' id='word_1_55' title='bbox 1223 1133 1299 1181; x_wconf 88' lang='lat' dir='ltr'>senio·</span> 
     </span>
     <span class='ocr_line' id='line_1_7' title="bbox 265 1218 1298 1289; baseline -0.007 -18"><span class='ocrx_word' id='word_1_56' title='bbox 265 1224 336 1289; x_wconf 79' lang='lat' dir='ltr'>genia</span> <span class='ocrx_word' id='word_1_57' title='bbox 352 1239 395 1288; x_wconf 89' lang='lat' dir='ltr'>per</span> <span class='ocrx_word' id='word_1_58' title='bbox 411 1232 485 1270; x_wconf 84' lang='lat' dir='ltr'>totam</span> <span class='ocrx_word' id='word_1_59' title='bbox 500 1223 573 1268; x_wconf 75' lang='lat' dir='ltr'>titum</span> <span class='ocrx_word' id='word_1_60' title='bbox 589 1235 698 1280; x_wconf 85' lang='lat' dir='ltr'>manere,</span> <span class='ocrx_word' id='word_1_61' title='bbox 715 1228 765 1266; x_wconf 87' lang='lat' dir='ltr'>stu·</span> <span class='ocrx_word' id='word_1_62' title='bbox 797 1235 863 1280; x_wconf 87' lang='lat' dir='ltr'>rum,</span> <span class='ocrx_word' id='word_1_63' title='bbox 877 1220 1021 1280; x_wconf 75' lang='lat' dir='ltr'><em>mobilibus,</em></span> <span class='ocrx_word' id='word_1_64' title='bbox 1035 1218 1079 1266; x_wconf 86' lang='lat' dir='ltr'>boc</span> <span class='ocrx_word' id='word_1_65' title='bbox 1094 1229 1143 1280; x_wconf 86' lang='lat' dir='ltr'>est,</span> <span class='ocrx_word' id='word_1_66' title='bbox 1157 1221 1298 1278; x_wconf 76' lang='lat' dir='ltr'>iuniorum,</span> 
     </span>
     <span class='ocr_line' id='line_1_8' title="bbox 265 1303 1297 1372; baseline -0.007 -15"><span class='ocrx_word' id='word_1_67' title='bbox 265 1308 305 1356; x_wconf 83' lang='lat' dir='ltr'>din</span> <span class='ocrx_word' id='word_1_68' title='bbox 321 1319 345 1356; x_wconf 92' lang='lat' dir='ltr'>et</span> <span class='ocrx_word' id='word_1_69' title='bbox 362 1306 504 1372; x_wconf 81' lang='lat' dir='ltr'>cupiditates</span> <span class='ocrx_word' id='word_1_70' title='bbox 520 1322 562 1370; x_wconf 89' lang='lat' dir='ltr'>pro</span> <span class='ocrx_word' id='word_1_71' title='bbox 576 1314 655 1352; x_wconf 87' lang='lat' dir='ltr'>aetate</span> <span class='ocrx_word' id='word_1_72' title='bbox 663 1305 764 1353; x_wconf 83' lang='lat' dir='ltr'>variare.</span> <span class='ocrx_word' id='word_1_73' title='bbox 798 1305 846 1351; x_wconf 88' lang='lat' dir='ltr'>suis</span> <span class='ocrx_word' id='word_1_74' title='bbox 859 1303 993 1370; x_wconf 82' lang='lat' dir='ltr'>quibusque</span> <span class='ocrx_word' id='word_1_75' title='bbox 1005 1304 1088 1366; x_wconf 85' lang='lat' dir='ltr'>decor,</span> <span class='ocrx_word' id='word_1_76' title='bbox 1100 1303 1241 1352; x_wconf 87' lang='lat' dir='ltr'>tribuendus</span> <span class='ocrx_word' id='word_1_77' title='bbox 1249 1314 1297 1351; x_wconf 88' lang='lat' dir='ltr'>est:</span> 
     </span>
     <span class='ocr_line' id='line_1_9' title="bbox 262 1387 1299 1458; baseline -0.005 -17"><span class='ocrx_word' id='word_1_78' title='bbox 262 1395 377 1458; x_wconf 77' lang='lat' dir='ltr'>Quorsum</span> <span class='ocrx_word' id='word_1_79' title='bbox 400 1393 476 1456; x_wconf 84' lang='lat' dir='ltr'>igitur</span> <span class='ocrx_word' id='word_1_80' title='bbox 496 1390 611 1438; x_wconf 82' lang='lat' dir='ltr'>Naturae</span> <span class='ocrx_word' id='word_1_81' title='bbox 635 1387 676 1437; x_wconf 87' lang='lat' dir='ltr'>bio</span> <span class='ocrx_word' id='word_1_82' title='bbox 700 1388 765 1453; x_wconf 88' lang='lat' dir='ltr'>apud</span> <span class='ocrx_word' id='word_1_83' title='bbox 797 1388 860 1454; x_wconf 91' lang='lat' dir='ltr'>quod</span> <span class='ocrx_word' id='word_1_84' title='bbox 870 1387 985 1454; x_wconf 90' lang='lat' dir='ltr'>quomodo</span> <span class='ocrx_word' id='word_1_85' title='bbox 994 1391 1050 1452; x_wconf 85' lang='lat' dir='ltr'>fiat,</span> <span class='ocrx_word' id='word_1_86' title='bbox 1065 1406 1108 1453; x_wconf 88' lang='lat' dir='ltr'>per</span> <span class='ocrx_word' id='word_1_87' title='bbox 1118 1389 1224 1454; x_wconf 79' lang='lat' dir='ltr'>singulos</span> <span class='ocrx_word' id='word_1_88' title='bbox 1233 1399 1299 1437; x_wconf 84' lang='lat' dir='ltr'>aeta·</span> 
     </span>
     <span class='ocr_line' id='line_1_10' title="bbox 264 1466 1297 1540; baseline -0.003 -14"><span class='ocrx_word' id='word_1_89' title='bbox 264 1466 387 1538; x_wconf 84' lang='lat' dir='ltr'>Nostrum,</span> <span class='ocrx_word' id='word_1_90' title='bbox 401 1475 444 1523; x_wconf 87' lang='lat' dir='ltr'>ubi</span> <span class='ocrx_word' id='word_1_91' title='bbox 459 1478 535 1524; x_wconf 81' lang='lat' dir='ltr'>varios</span> <span class='ocrx_word' id='word_1_92' title='bbox 549 1484 642 1523; x_wconf 87' lang='lat' dir='ltr'>tantum</span> <span class='ocrx_word' id='word_1_93' title='bbox 655 1483 766 1523; x_wconf 84' lang='lat' dir='ltr'>aetatum</span> <span class='ocrx_word' id='word_1_94' title='bbox 799 1484 850 1522; x_wconf 90' lang='lat' dir='ltr'>tum</span> <span class='ocrx_word' id='word_1_95' title='bbox 874 1474 960 1540; x_wconf 77' lang='lat' dir='ltr'>gradus</span> <span class='ocrx_word' id='word_1_96' title='bbox 985 1476 1037 1523; x_wconf 82' lang='lat' dir='ltr'>susa</span> <span class='ocrx_word' id='word_1_97' title='bbox 1062 1492 1116 1523; x_wconf 84' lang='lat' dir='ltr'>mox</span> <span class='ocrx_word' id='word_1_98' title='bbox 1137 1476 1297 1540; x_wconf 77' lang='lat' dir='ltr'>persequitur.</span> 
     </span>
     <span class='ocr_line' id='line_1_11' title="bbox 262 1541 1300 1626; baseline -0.004 -15"><span class='ocrx_word' id='word_1_99' title='bbox 262 1562 534 1611; x_wconf 75' lang='lat' dir='ltr'>moreecommemorati’</span> <span class='ocrx_word' id='word_1_100' title='bbox 548 1560 679 1626; x_wconf 76' lang='lat' dir='ltr'>Phidippus</span> <span class='ocrx_word' id='word_1_101' title='bbox 691 1577 764 1609; x_wconf 82' lang='lat' dir='ltr'>senex</span> <span class='ocrx_word' id='word_1_102' title='bbox 796 1541 910 1622; x_wconf 71' lang='lat' dir='ltr'>Morari,</span> <span class='ocrx_word' id='word_1_103' title='bbox 929 1563 1040 1625; x_wconf 82' lang='lat' dir='ltr'>inquam,</span> <span class='ocrx_word' id='word_1_104' title='bbox 1065 1562 1123 1608; x_wconf 88' lang='lat' dir='ltr'>anni</span> <span class='ocrx_word' id='word_1_105' title='bbox 1136 1569 1191 1608; x_wconf 89' lang='lat' dir='ltr'>sunt</span> <span class='ocrx_word' id='word_1_106' title='bbox 1207 1562 1300 1608; x_wconf 78' lang='lat' dir='ltr'>seniles</span> 
     </span>
     <span class='ocr_line' id='line_1_12' title="bbox 259 1646 1300 1715; baseline -0.004 -19"><span class='ocrx_word' id='word_1_107' title='bbox 259 1648 356 1697; x_wconf 82' lang='lat' dir='ltr'>Terent.</span> <span class='ocrx_word' id='word_1_108' title='bbox 370 1648 455 1715; x_wconf 78' lang='lat' dir='ltr'>Hecyr.</span> <span class='ocrx_word' id='word_1_109' title='bbox 470 1648 506 1710; x_wconf 89' lang='lat' dir='ltr'>II,</span> <span class='ocrx_word' id='word_1_110' title='bbox 525 1651 549 1696; x_wconf 67' lang='grc' dir='ltr'>Β.</span> <span class='ocrx_word' id='word_1_111' title='bbox 566 1646 766 1707; x_wconf 81' lang='lat' dir='ltr'>Aliadfortasse</span> <span class='ocrx_word' id='word_1_112' title='bbox 798 1655 824 1693; x_wconf 88' lang='lat' dir='ltr'>et</span> <span class='ocrx_word' id='word_1_113' title='bbox 840 1647 937 1694; x_wconf 80' lang='lat' dir='ltr'>viriles.</span> <span class='ocrx_word' id='word_1_114' title='bbox 954 1646 1037 1693; x_wconf 82' lang='lat' dir='ltr'>Noster</span> <span class='ocrx_word' id='word_1_115' title='bbox 1053 1662 1123 1711; x_wconf 90' lang='lat' dir='ltr'>supra</span> <span class='ocrx_word' id='word_1_116' title='bbox 1135 1662 1158 1694; x_wconf 84' lang='lat' dir='ltr'>v.</span> <span class='ocrx_word' id='word_1_117' title='bbox 1172 1646 1226 1693; x_wconf 79' lang='lat'>115.</span> <span class='ocrx_word' id='word_1_118' title='bbox 1244 1647 1300 1692; x_wconf 84' lang='lat' dir='ltr'>Ma-</span> 
     </span>
     <span class='ocr_line' id='line_1_13' title="bbox 263 1732 1300 1798; baseline -0.003 -17"><span class='ocrx_word' id='word_1_119' title='bbox 263 1736 314 1781; x_wconf 84' lang='lat' dir='ltr'>elii</span> <span class='ocrx_word' id='word_1_120' title='bbox 330 1735 393 1781; x_wconf 84' lang='lat' dir='ltr'>vitii</span> <span class='ocrx_word' id='word_1_121' title='bbox 409 1741 462 1781; x_wconf 84' lang='lat' dir='ltr'>est:</span> <span class='ocrx_word' id='word_1_122' title='bbox 486 1748 530 1798; x_wconf 83' lang='lat' dir='ltr'>ega</span> <span class='ocrx_word' id='word_1_123' title='bbox 545 1749 600 1780; x_wconf 86' lang='lat' dir='ltr'>sam</span> <span class='ocrx_word' id='word_1_124' title='bbox 615 1734 698 1780; x_wconf 82' lang='lat' dir='ltr'>animo</span> <span class='ocrx_word' id='word_1_125' title='bbox 713 1734 767 1780; x_wconf 82' lang='lat' dir='ltr'>leni</span> <span class='ocrx_word' id='word_1_126' title='bbox 799 1739 998 1794; x_wconf 70' lang='lat' dir='ltr'>tenesmos-enea,</span> <span class='ocrx_word' id='word_1_127' title='bbox 1011 1747 1044 1779; x_wconf 83' lang='lat' dir='ltr'>aa</span> <span class='ocrx_word' id='word_1_128' title='bbox 1057 1732 1135 1779; x_wconf 82' lang='lat' dir='ltr'>adbuc</span> <span class='ocrx_word' id='word_1_129' title='bbox 1141 1733 1250 1795; x_wconf 81' lang='lat' dir='ltr'>florente</span> <span class='ocrx_word' id='word_1_130' title='bbox 1259 1733 1300 1779; x_wconf 82' lang='lat' dir='ltr'>iu-</span> 
     </span>
     <span class='ocr_line' id='line_1_14' title="bbox 262 1817 1300 1884; baseline -0.003 -17"><span class='ocrx_word' id='word_1_131' title='bbox 262 1827 352 1867; x_wconf 82' lang='lat' dir='ltr'>natae:</span> <span class='ocrx_word' id='word_1_132' title='bbox 370 1819 429 1867; x_wconf 85' lang='lat' dir='ltr'>Non</span> <span class='ocrx_word' id='word_1_133' title='bbox 438 1835 540 1884; x_wconf 72' lang='lat' dir='ltr'>possm</span> <span class='ocrx_word' id='word_1_134' title='bbox 552 1820 682 1868; x_wconf 81' lang='lat' dir='ltr'>adversari</span> <span class='ocrx_word' id='word_1_135' title='bbox 694 1820 766 1866; x_wconf 81' lang='lat' dir='ltr'>mais.</span> <span class='ocrx_word' id='word_1_136' title='bbox 800 1825 873 1864; x_wconf 81' lang='lat' dir='ltr'>venta</span> <span class='ocrx_word' id='word_1_137' title='bbox 887 1818 1016 1865; x_wconf 74' lang='lat' dir='ltr'>Formias.</span> <span class='ocrx_word' id='word_1_138' title='bbox 1029 1827 1054 1866; x_wconf 91' lang='lat' dir='ltr'>et</span> <span class='ocrx_word' id='word_1_139' title='bbox 1066 1818 1139 1866; x_wconf 77' lang='lat' dir='ltr'>Germ.</span> <span class='ocrx_word' id='word_1_140' title='bbox 1155 1818 1195 1879; x_wconf 76' lang='lat' dir='ltr'>lt,</span> <span class='ocrx_word' id='word_1_141' title='bbox 1207 1819 1232 1866; x_wconf 86' lang='lat'>4.</span> <span class='ocrx_word' id='word_1_142' title='bbox 1246 1817 1300 1866; x_wconf 87' lang='lat' dir='ltr'>Na-</span> 
     </span>
     <span class='ocr_line' id='line_1_15' title="bbox 263 1903 1299 1970; baseline -0.004 -17"><span class='ocrx_word' id='word_1_143' title='bbox 263 1903 368 1970; x_wconf 77' lang='lat' dir='ltr'>Antipbo</span> <span class='ocrx_word' id='word_1_144' title='bbox 389 1903 538 1967; x_wconf 85' lang='lat' dir='ltr'>adolescens,</span> <span class='ocrx_word' id='word_1_145' title='bbox 563 1903 676 1952; x_wconf 71' lang='lat' dir='ltr'>demmsus</span> <span class='ocrx_word' id='word_1_146' title='bbox 694 1914 718 1951; x_wconf 88' lang='lat' dir='ltr'>et</span> <span class='ocrx_word' id='word_1_147' title='bbox 734 1903 766 1950; x_wconf 87' lang='lat' dir='ltr'>ti-</span> <span class='ocrx_word' id='word_1_148' title='bbox 798 1910 882 1964; x_wconf 81' lang='lat' dir='ltr'>tosqae</span> <span class='ocrx_word' id='word_1_149' title='bbox 912 1910 1067 1965; x_wconf 82' lang='lat' dir='ltr'>atatarosque</span> <span class='ocrx_word' id='word_1_150' title='bbox 1086 1910 1184 1967; x_wconf 84' lang='lat' dir='ltr'>patros.</span> <span class='ocrx_word' id='word_1_151' title='bbox 1214 1904 1299 1968; x_wconf 75' lang='lat' dir='ltr'>virgil.</span> 
     </span>
     <span class='ocr_line' id='line_1_16' title="bbox 262 1986 1298 2053; baseline -0.002 -15"><span class='ocrx_word' id='word_1_152' title='bbox 262 1990 349 2039; x_wconf 83' lang='lat' dir='ltr'>midas.</span> <span class='ocrx_word' id='word_1_153' title='bbox 366 1989 498 2053; x_wconf 82' lang='lat' dir='ltr'>Pborm.1,</span> <span class='ocrx_word' id='word_1_154' title='bbox 514 1992 539 2038; x_wconf 77' lang='lat'>4.</span> <span class='ocrx_word' id='word_1_155' title='bbox 557 1991 614 2038; x_wconf 84' lang='lat' dir='ltr'>Non</span> <span class='ocrx_word' id='word_1_156' title='bbox 629 2005 684 2036; x_wconf 72' lang='lat' dir='ltr'>suem</span> <span class='ocrx_word' id='word_1_157' title='bbox 700 1989 767 2051; x_wconf 83' lang='lat' dir='ltr'>apred</span> <span class='ocrx_word' id='word_1_158' title='bbox 797 1986 894 2035; x_wconf 78' lang='lat' dir='ltr'>Aeneid.</span> <span class='ocrx_word' id='word_1_159' title='bbox 912 1988 943 2049; x_wconf 78' lang='lat' dir='ltr'>t,</span> <span class='ocrx_word' id='word_1_160' title='bbox 958 1990 997 2036; x_wconf 81' lang='lat'>73.</span> <span class='ocrx_word' id='word_1_161' title='bbox 1018 1989 1070 2037; x_wconf 81' lang='lat' dir='ltr'>Iloc</span> <span class='ocrx_word' id='word_1_162' title='bbox 1085 1990 1204 2052; x_wconf 81' lang='lat' dir='ltr'>Helymus</span> <span class='ocrx_word' id='word_1_163' title='bbox 1211 1988 1298 2049; x_wconf 84' lang='lat' dir='ltr'>saoit,</span> 
     </span>
     <span class='ocr_line' id='line_1_17' title="bbox 262 2072 1299 2139; baseline -0.002 -16"><span class='ocrx_word' id='word_1_164' title='bbox 262 2091 309 2124; x_wconf 88' lang='lat' dir='ltr'>me.</span> <span class='ocrx_word' id='word_1_165' title='bbox 323 2075 488 2139; x_wconf 83' lang='lat' dir='ltr'>Neapoesam</span> <span class='ocrx_word' id='word_1_166' title='bbox 497 2076 663 2122; x_wconf 78' lang='lat' dir='ltr'>immutarier.</span> <span class='ocrx_word' id='word_1_167' title='bbox 673 2072 767 2121; x_wconf 81' lang='lat' dir='ltr'>EaPhi-</span> <span class='ocrx_word' id='word_1_168' title='bbox 798 2075 907 2120; x_wconf 87' lang='lat' dir='ltr'>bocaeoi</span> <span class='ocrx_word' id='word_1_169' title='bbox 921 2081 1036 2121; x_wconf 78' lang='lat' dir='ltr'>mataras</span> <span class='ocrx_word' id='word_1_170' title='bbox 1050 2075 1160 2123; x_wconf 80' lang='lat' dir='ltr'>Acoetes.</span> <span class='ocrx_word' id='word_1_171' title='bbox 1177 2073 1242 2122; x_wconf 77' lang='lat' dir='ltr'>avit.</span> <span class='ocrx_word' id='word_1_172' title='bbox 1251 2074 1299 2121; x_wconf 79' lang='lat' dir='ltr'>bie-</span> 
     </span>
     <span class='ocr_line' id='line_1_18' title="bbox 259 2157 1299 2226; baseline 0 -17"><span class='ocrx_word' id='word_1_173' title='bbox 259 2159 335 2226; x_wconf 80' lang='lat' dir='ltr'>dippo</span> <span class='ocrx_word' id='word_1_174' title='bbox 360 2161 463 2223; x_wconf 87' lang='lat' dir='ltr'>lenitas,</span> <span class='ocrx_word' id='word_1_175' title='bbox 485 2160 627 2226; x_wconf 68' lang='lat' dir='ltr'>Antiphonti</span> <span class='ocrx_word' id='word_1_176' title='bbox 649 2157 765 2207; x_wconf 76' lang='lat' dir='ltr'>timiditas</span> <span class='ocrx_word' id='word_1_177' title='bbox 797 2158 991 2220; x_wconf 54' lang='lat' dir='ltr'>antenore.</span> <span class='ocrx_word' id='word_1_178' title='bbox 1010 2161 1299 2209; x_wconf 77' lang='lat' dir='ltr'>Leleaanimomatomes</span> 
     </span>
     <span class='ocr_line' id='line_1_19' title="bbox 232 2242 1299 2307; baseline -0.003 -12"><span class='ocrx_word' id='word_1_179' title='bbox 232 2276 236 2287; x_wconf 60' lang='grc' dir='ltr'>ι</span> <span class='ocrx_word' id='word_1_180' title='bbox 262 2264 277 2294; x_wconf 87' lang='lat' dir='ltr'>a</span> <span class='ocrx_word' id='word_1_181' title='bbox 301 2254 394 2295; x_wconf 80' lang='lat' dir='ltr'>actaea</span> <span class='ocrx_word' id='word_1_182' title='bbox 417 2256 476 2296; x_wconf 87' lang='lat' dir='ltr'>erat.</span> <span class='ocrx_word' id='word_1_183' title='bbox 501 2248 536 2294; x_wconf 75' lang='lat' dir='ltr'>dn</span> <span class='ocrx_word' id='word_1_184' title='bbox 561 2256 588 2294; x_wconf 87' lang='grc' dir='ltr'>ιιι</span> <span class='ocrx_word' id='word_1_185' title='bbox 613 2261 693 2293; x_wconf 89' lang='lat' dir='ltr'>omnes</span> <span class='ocrx_word' id='word_1_186' title='bbox 711 2242 765 2292; x_wconf 91' lang='lat' dir='ltr'>ideo</span> <span class='ocrx_word' id='word_1_187' title='bbox 798 2251 824 2291; x_wconf 92' lang='lat' dir='ltr'>et</span> <span class='ocrx_word' id='word_1_188' title='bbox 836 2245 1037 2307; x_wconf 74' lang='lat' dir='ltr'>aevo.XIV,tili.</span> <span class='ocrx_word' id='word_1_189' title='bbox 1052 2247 1299 2294; x_wconf 78' lang='lat' dir='ltr'>iternaiasmatarior</span> 
     </span>
     <span class='ocr_line' id='line_1_20' title="bbox 263 2331 1297 2395; baseline -0.002 -14"><span class='ocrx_word' id='word_1_190' title='bbox 263 2348 333 2381; x_wconf 86' lang='lat' dir='ltr'>senes</span> <span class='ocrx_word' id='word_1_191' title='bbox 351 2333 378 2381; x_wconf 92' lang='lat' dir='ltr'>in</span> <span class='ocrx_word' id='word_1_192' title='bbox 400 2349 492 2381; x_wconf 82' lang='lat' dir='ltr'>scenam</span> <span class='ocrx_word' id='word_1_193' title='bbox 513 2331 635 2381; x_wconf 84' lang='lat' dir='ltr'>induxeris</span> <span class='ocrx_word' id='word_1_194' title='bbox 657 2333 724 2379; x_wconf 79' lang='lat' dir='ltr'>leam</span> <span class='ocrx_word' id='word_1_195' title='bbox 739 2340 765 2379; x_wconf 90' lang='lat' dir='ltr'>et</span> <span class='ocrx_word' id='word_1_196' title='bbox 796 2331 1007 2392; x_wconf 79' lang='lat' dir='ltr'>annis.XV,210.</span> <span class='ocrx_word' id='word_1_197' title='bbox 1018 2333 1297 2395; x_wconf 78' lang='lat' dir='ltr'>Eact&#39;pe‘tAactamnae,</span> 
     </span>
     <span class='ocr_line' id='line_1_21' title="bbox 261 2416 1298 2483; baseline -0.001 -17"><span class='ocrx_word' id='word_1_198' title='bbox 261 2416 436 2483; x_wconf 73' lang='lat' dir='ltr'>obsequentes?</span> <span class='ocrx_word' id='word_1_199' title='bbox 456 2421 554 2466; x_wconf 85' lang='lat' dir='ltr'>invenes</span> <span class='ocrx_word' id='word_1_200' title='bbox 570 2427 665 2477; x_wconf 89' lang='lat' dir='ltr'>autem,</span> <span class='ocrx_word' id='word_1_201' title='bbox 687 2417 765 2463; x_wconf 85' lang='lat' dir='ltr'>mode-</span> <span class='ocrx_word' id='word_1_202' title='bbox 792 2419 877 2479; x_wconf 80' lang='lat' dir='ltr'>posito</span> <span class='ocrx_word' id='word_1_203' title='bbox 881 2417 984 2476; x_wconf 83' lang='lat' dir='ltr'>fervore</span> <span class='ocrx_word' id='word_1_204' title='bbox 996 2420 1112 2465; x_wconf 81' lang='lat' dir='ltr'>inventae</span> <span class='ocrx_word' id='word_1_205' title='bbox 1119 2420 1239 2465; x_wconf 82' lang='lat' dir='ltr'>Maturus</span> <span class='ocrx_word' id='word_1_206' title='bbox 1250 2419 1298 2464; x_wconf 82' lang='lat' dir='ltr'>mi·</span> 
     </span>
     <span class='ocr_line' id='line_1_22' title="bbox 262 2502 1297 2566; baseline -0.002 -12"><span class='ocrx_word' id='word_1_207' title='bbox 262 2514 316 2554; x_wconf 89' lang='lat' dir='ltr'>stas</span> <span class='ocrx_word' id='word_1_208' title='bbox 332 2516 357 2554; x_wconf 90' lang='lat' dir='ltr'>et</span> <span class='ocrx_word' id='word_1_209' title='bbox 370 2504 537 2553; x_wconf 74' lang='lat' dir='ltr'>meticulosos?</span> <span class='ocrx_word' id='word_1_210' title='bbox 553 2503 602 2550; x_wconf 88' lang='lat' dir='ltr'>Ima</span> <span class='ocrx_word' id='word_1_211' title='bbox 616 2502 660 2549; x_wconf 90' lang='lat' dir='ltr'>hoo</span> <span class='ocrx_word' id='word_1_212' title='bbox 676 2502 762 2565; x_wconf 85' lang='lat' dir='ltr'>ipsein</span> <span class='ocrx_word' id='word_1_213' title='bbox 795 2503 890 2562; x_wconf 82' lang='lat' dir='ltr'>tisqaa,</span> <span class='ocrx_word' id='word_1_214' title='bbox 906 2503 976 2548; x_wconf 85' lang='lat' dir='ltr'>inter</span> <span class='ocrx_word' id='word_1_215' title='bbox 991 2504 1148 2565; x_wconf 71' lang='lat' dir='ltr'>incertamque</span> <span class='ocrx_word' id='word_1_216' title='bbox 1162 2518 1297 2566; x_wconf 73' lang='lat' dir='ltr'>scaenaquc.</span> 
     </span>
     <span class='ocr_line' id='line_1_23' title="bbox 263 2585 1298 2655; baseline -0.002 -16"><span class='ocrx_word' id='word_1_217' title='bbox 263 2591 315 2639; x_wconf 91' lang='lat' dir='ltr'>loco</span> <span class='ocrx_word' id='word_1_218' title='bbox 336 2589 455 2655; x_wconf 78' lang='lat' dir='ltr'>praecipit</span> <span class='ocrx_word' id='word_1_219' title='bbox 475 2588 572 2649; x_wconf 87' lang='lat' dir='ltr'>Noster,</span> <span class='ocrx_word' id='word_1_220' title='bbox 591 2595 619 2634; x_wconf 91' lang='lat' dir='ltr'>nt</span> <span class='ocrx_word' id='word_1_221' title='bbox 635 2585 765 2649; x_wconf 70' lang='lat' dir='ltr'>difficiles,</span> <span class='ocrx_word' id='word_1_222' title='bbox 797 2585 891 2633; x_wconf 77' lang='lat' dir='ltr'>Tacitus</span> <span class='ocrx_word' id='word_1_223' title='bbox 906 2586 990 2633; x_wconf 75' lang='lat' dir='ltr'>innal.</span> <span class='ocrx_word' id='word_1_224' title='bbox 1000 2587 1025 2647; x_wconf 84' lang='lat' dir='ltr'>l,</span> <span class='ocrx_word' id='word_1_225' title='bbox 1037 2589 1061 2635; x_wconf 83' lang='lat'>4.</span> <span class='ocrx_word' id='word_1_226' title='bbox 1081 2589 1208 2636; x_wconf 77' lang='lat' dir='ltr'>Tiberium</span> <span class='ocrx_word' id='word_1_227' title='bbox 1220 2589 1298 2637; x_wconf 84' lang='lat' dir='ltr'>Nero-</span> 
     </span>
     <span class='ocr_line' id='line_1_24' title="bbox 262 2673 1299 2741; baseline 0.001 -19"><span class='ocrx_word' id='word_1_228' title='bbox 262 2677 361 2741; x_wconf 79' lang='lat' dir='ltr'>qoerati</span> <span class='ocrx_word' id='word_1_229' title='bbox 384 2673 528 2722; x_wconf 84' lang='lat' dir='ltr'>inducantur</span> <span class='ocrx_word' id='word_1_230' title='bbox 553 2688 634 2734; x_wconf 88' lang='lat' dir='ltr'>senes,</span> <span class='ocrx_word' id='word_1_231' title='bbox 667 2673 764 2720; x_wconf 84' lang='lat' dir='ltr'>invenes</span> <span class='ocrx_word' id='word_1_232' title='bbox 796 2686 867 2733; x_wconf 74' lang='lat' dir='ltr'>naa,</span> <span class='ocrx_word' id='word_1_233' title='bbox 897 2679 1022 2718; x_wconf 83' lang='lat' dir='ltr'>maturum</span> <span class='ocrx_word' id='word_1_234' title='bbox 1042 2674 1134 2736; x_wconf 82' lang='lat' dir='ltr'>annis,</span> <span class='ocrx_word' id='word_1_235' title='bbox 1161 2682 1299 2738; x_wconf 84' lang='lat' dir='ltr'>spectatam</span> 
     </span>
     <span class='ocr_line' id='line_1_25' title="bbox 262 2757 1299 2823; baseline -0.001 -13"><span class='ocrx_word' id='word_1_236' title='bbox 262 2772 344 2810; x_wconf 84' lang='lat' dir='ltr'>autem</span> <span class='ocrx_word' id='word_1_237' title='bbox 375 2761 507 2821; x_wconf 79' lang='lat' dir='ltr'>sublimes,</span> <span class='ocrx_word' id='word_1_238' title='bbox 537 2757 636 2823; x_wconf 89' lang='lat' dir='ltr'>cupidi,</span> <span class='ocrx_word' id='word_1_239' title='bbox 666 2759 766 2805; x_wconf 84' lang='lat' dir='ltr'>feroces.</span> <span class='ocrx_word' id='word_1_240' title='bbox 799 2758 867 2804; x_wconf 80' lang='lat' dir='ltr'>bello.</span> <span class='ocrx_word' id='word_1_241' title='bbox 890 2757 928 2804; x_wconf 88' lang='lat' dir='ltr'>Sic</span> <span class='ocrx_word' id='word_1_242' title='bbox 943 2765 1042 2806; x_wconf 80' lang='lat' dir='ltr'>matura</span> <span class='ocrx_word' id='word_1_243' title='bbox 1058 2767 1144 2822; x_wconf 83' lang='lat' dir='ltr'>aetaa,</span> <span class='ocrx_word' id='word_1_244' title='bbox 1161 2763 1299 2809; x_wconf 68' lang='lat' dir='ltr'>aucteritas</span> 
     </span>
     <span class='ocr_line' id='line_1_26' title="bbox 260 2843 1296 2912; baseline -0.001 -16"><span class='ocrx_word' id='word_1_245' title='bbox 260 2846 370 2896; x_wconf 80' lang='lat' dir='ltr'>Ostendit</span> <span class='ocrx_word' id='word_1_246' title='bbox 384 2844 506 2911; x_wconf 71' lang='lat' dir='ltr'>Antipho,</span> <span class='ocrx_word' id='word_1_247' title='bbox 528 2847 563 2893; x_wconf 81' lang='lat' dir='ltr'>ait</span> <span class='ocrx_word' id='word_1_248' title='bbox 578 2845 699 2905; x_wconf 83' lang='lat' dir='ltr'>Donatus,</span> <span class='ocrx_word' id='word_1_249' title='bbox 720 2859 765 2890; x_wconf 84' lang='lat' dir='ltr'>na-</span> <span class='ocrx_word' id='word_1_250' title='bbox 795 2843 909 2906; x_wconf 83' lang='lat' dir='ltr'>aetatio,</span> <span class='ocrx_word' id='word_1_251' title='bbox 931 2851 1031 2892; x_wconf 81' lang='lat' dir='ltr'>matura</span> <span class='ocrx_word' id='word_1_252' title='bbox 1051 2853 1179 2910; x_wconf 68' lang='lat' dir='ltr'>semones,</span> <span class='ocrx_word' id='word_1_253' title='bbox 1202 2849 1296 2912; x_wconf 82' lang='lat' dir='ltr'>passim.</span> 
     </span>
     <span class='ocr_line' id='line_1_27' title="bbox 262 2927 1298 2982; baseline 0.001 -1"><span class='ocrx_word' id='word_1_254' title='bbox 262 2941 335 2982; x_wconf 85' lang='lat' dir='ltr'>tarae</span> <span class='ocrx_word' id='word_1_255' title='bbox 351 2949 407 2982; x_wconf 87' lang='lat' dir='ltr'>suae</span> <span class='ocrx_word' id='word_1_256' title='bbox 422 2930 575 2980; x_wconf 79' lang='lat' dir='ltr'>timiditatem</span> <span class='ocrx_word' id='word_1_257' title='bbox 590 2928 665 2977; x_wconf 87' lang='lat' dir='ltr'>nullis</span> <span class='ocrx_word' id='word_1_258' title='bbox 680 2927 765 2976; x_wconf 88' lang='lat' dir='ltr'>adhor-</span> <span class='ocrx_word' id='word_1_259' title='bbox 796 2928 876 2977; x_wconf 82' lang='lat' dir='ltr'>Cicero</span> <span class='ocrx_word' id='word_1_260' title='bbox 893 2928 922 2977; x_wconf 88' lang='lat' dir='ltr'>de</span> <span class='ocrx_word' id='word_1_261' title='bbox 938 2929 1065 2979; x_wconf 78' lang='lat' dir='ltr'>Senectute</span> <span class='ocrx_word' id='word_1_262' title='bbox 1083 2948 1104 2981; x_wconf 88' lang='lat' dir='ltr'>c.</span> <span class='ocrx_word' id='word_1_263' title='bbox 1120 2933 1159 2982; x_wconf 83' lang='lat'>1⁰.</span> <span class='ocrx_word' id='word_1_264' title='bbox 1178 2935 1231 2981; x_wconf 82' lang='lat' dir='ltr'>Saa</span> <span class='ocrx_word' id='word_1_265' title='bbox 1246 2934 1298 2981; x_wconf 77' lang='lat' dir='ltr'>oui-</span> 
     </span>
     <span class='ocr_line' id='line_1_28' title="bbox 260 3013 1299 3082; baseline -0.001 -14"><span class='ocrx_word' id='word_1_266' title='bbox 260 3017 395 3068; x_wconf 82' lang='lat' dir='ltr'>tationibns</span> <span class='ocrx_word' id='word_1_267' title='bbox 408 3019 464 3065; x_wconf 87' lang='lat' dir='ltr'>eiici</span> <span class='ocrx_word' id='word_1_268' title='bbox 474 3033 550 3082; x_wconf 86' lang='lat' dir='ltr'>posse.</span> <span class='ocrx_word' id='word_1_269' title='bbox 561 3014 630 3063; x_wconf 73' lang='lat' dir='ltr'>Vides</span> <span class='ocrx_word' id='word_1_270' title='bbox 642 3013 766 3062; x_wconf 84' lang='lat' dir='ltr'>iamaliud</span> <span class='ocrx_word' id='word_1_271' title='bbox 797 3029 843 3077; x_wconf 83' lang='lat' dir='ltr'>qao</span> <span class='ocrx_word' id='word_1_272' title='bbox 852 3016 929 3078; x_wconf 84' lang='lat' dir='ltr'>parti</span> <span class='ocrx_word' id='word_1_273' title='bbox 943 3018 1039 3063; x_wconf 83' lang='lat' dir='ltr'>aetatis</span> <span class='ocrx_word' id='word_1_274' title='bbox 1060 3020 1245 3082; x_wconf 65' lang='lat' dir='ltr'>tempestivitas</span> <span class='ocrx_word' id='word_1_275' title='bbox 1260 3026 1299 3066; x_wconf 82' lang='lat' dir='ltr'>cot</span> 
     </span>
     <span class='ocr_line' id='line_1_29' title="bbox 263 3098 1299 3167; baseline -0.002 -13"><span class='ocrx_word' id='word_1_276' title='bbox 263 3122 312 3154; x_wconf 88' lang='lat' dir='ltr'>esse</span> <span class='ocrx_word' id='word_1_277' title='bbox 328 3106 415 3152; x_wconf 80' lang='lat' dir='ltr'>vitium</span> <span class='ocrx_word' id='word_1_278' title='bbox 431 3105 543 3165; x_wconf 83' lang='lat' dir='ltr'>aetatis,</span> <span class='ocrx_word' id='word_1_279' title='bbox 562 3098 628 3149; x_wconf 84' lang='lat' dir='ltr'>aliud</span> <span class='ocrx_word' id='word_1_280' title='bbox 644 3106 763 3147; x_wconf 78' lang='lat' dir='ltr'>naturae:</span> <span class='ocrx_word' id='word_1_281' title='bbox 794 3100 870 3159; x_wconf 86' lang='lat' dir='ltr'>data,·</span> <span class='ocrx_word' id='word_1_282' title='bbox 883 3107 914 3147; x_wconf 88' lang='lat' dir='ltr'>at</span> <span class='ocrx_word' id='word_1_283' title='bbox 925 3108 951 3148; x_wconf 87' lang='lat' dir='ltr'>ot</span> <span class='ocrx_word' id='word_1_284' title='bbox 963 3102 1103 3161; x_wconf 75' lang='lat' dir='ltr'>infimitas</span> <span class='ocrx_word' id='word_1_285' title='bbox 1110 3119 1258 3167; x_wconf 66' lang='lat' dir='ltr'>moerorem,</span> <span class='ocrx_word' id='word_1_286' title='bbox 1272 3111 1299 3151; x_wconf 82' lang='lat' dir='ltr'>et</span> 
     </span>
     <span class='ocr_line' id='line_1_30' title="bbox 261 3182 1298 3254; baseline -0.003 -16"><span class='ocrx_word' id='word_1_287' title='bbox 261 3201 288 3238; x_wconf 84' lang='lat' dir='ltr'>et</span> <span class='ocrx_word' id='word_1_288' title='bbox 303 3200 352 3238; x_wconf 92' lang='lat' dir='ltr'>tam</span> <span class='ocrx_word' id='word_1_289' title='bbox 368 3189 429 3237; x_wconf 82' lang='lat' dir='ltr'>salso</span> <span class='ocrx_word' id='word_1_290' title='bbox 442 3195 548 3236; x_wconf 82' lang='lat' dir='ltr'>naturae</span> <span class='ocrx_word' id='word_1_291' title='bbox 563 3187 663 3235; x_wconf 78' lang='lat' dir='ltr'>mobiles</span> <span class='ocrx_word' id='word_1_292' title='bbox 675 3183 715 3232; x_wconf 84' lang='lat' dir='ltr'>hic</span> <span class='ocrx_word' id='word_1_293' title='bbox 728 3182 765 3233; x_wconf 88' lang='lat' dir='ltr'>di-</span> <span class='ocrx_word' id='word_1_294' title='bbox 788 3184 915 3244; x_wconf 80' lang='lat' dir='ltr'>serocitas</span> <span class='ocrx_word' id='word_1_295' title='bbox 929 3188 1058 3251; x_wconf 80' lang='lat' dir='ltr'>iuvenum,</span> <span class='ocrx_word' id='word_1_296' title='bbox 1076 3197 1102 3237; x_wconf 86' lang='lat' dir='ltr'>et</span> <span class='ocrx_word' id='word_1_297' title='bbox 1110 3191 1230 3254; x_wconf 72' lang='lat' dir='ltr'>gravitas</span> <span class='ocrx_word' id='word_1_298' title='bbox 1245 3192 1298 3236; x_wconf 84' lang='lat' dir='ltr'>iam</span> 
     </span>
     <span class='ocr_line' id='line_1_31' title="bbox 260 3270 1298 3341; baseline -0.003 -17"><span class='ocrx_word' id='word_1_299' title='bbox 260 3278 298 3339; x_wconf 87' lang='lat' dir='ltr'>oi,</span> <span class='ocrx_word' id='word_1_300' title='bbox 312 3291 382 3341; x_wconf 87' lang='lat' dir='ltr'>quam</span> <span class='ocrx_word' id='word_1_301' title='bbox 397 3276 479 3339; x_wconf 88' lang='lat' dir='ltr'>inepte</span> <span class='ocrx_word' id='word_1_302' title='bbox 496 3288 550 3321; x_wconf 89' lang='lat' dir='ltr'>cum</span> <span class='ocrx_word' id='word_1_303' title='bbox 563 3273 638 3320; x_wconf 85' lang='lat' dir='ltr'>annis</span> <span class='ocrx_word' id='word_1_304' title='bbox 653 3280 678 3318; x_wconf 86' lang='lat' dir='ltr'>ct</span> <span class='ocrx_word' id='word_1_305' title='bbox 693 3276 762 3317; x_wconf 87' lang='lat' dir='ltr'>aota—</span> <span class='ocrx_word' id='word_1_306' title='bbox 794 3270 934 3317; x_wconf 71' lang='lat' dir='ltr'>commertio</span> <span class='ocrx_word' id='word_1_307' title='bbox 958 3275 1069 3336; x_wconf 84' lang='lat' dir='ltr'>aetatis,</span> <span class='ocrx_word' id='word_1_308' title='bbox 1108 3280 1134 3321; x_wconf 87' lang='lat' dir='ltr'>et</span> <span class='ocrx_word' id='word_1_309' title='bbox 1159 3275 1298 3322; x_wconf 78' lang='lat' dir='ltr'>senectutis</span> 
     </span>
     <span class='ocr_line' id='line_1_32' title="bbox 260 3357 1310 3422; baseline -0.004 -13"><span class='ocrx_word' id='word_1_310' title='bbox 260 3370 316 3410; x_wconf 73' lang='lat' dir='ltr'>mem</span> <span class='ocrx_word' id='word_1_311' title='bbox 336 3360 445 3408; x_wconf 66' lang='lat' dir='ltr'>mambote</span> <span class='ocrx_word' id='word_1_312' title='bbox 468 3359 588 3422; x_wconf 79' lang='lat' dir='ltr'>coniungi.</span> <span class='ocrx_word' id='word_1_313' title='bbox 615 3358 643 3404; x_wconf 82' lang='lat' dir='ltr'>Et</span> <span class='ocrx_word' id='word_1_314' title='bbox 664 3357 763 3404; x_wconf 85' lang='lat' dir='ltr'>sensisse</span> <span class='ocrx_word' id='word_1_315' title='bbox 795 3357 932 3404; x_wconf 73' lang='lat' dir='ltr'>mataritae</span> <span class='ocrx_word' id='word_1_316' title='bbox 944 3360 1058 3406; x_wconf 82' lang='lat' dir='ltr'>namrala</span> <span class='ocrx_word' id='word_1_317' title='bbox 1071 3359 1187 3420; x_wconf 82' lang='lat' dir='ltr'>quiddam</span> <span class='ocrx_word' id='word_1_318' title='bbox 1197 3359 1310 3420; x_wconf 83' lang='lat' dir='ltr'>babeat,</span> 
     </span>
     <span class='ocr_line' id='line_1_33' title="bbox 260 3440 1297 3513; baseline -0.001 -19"><span class='ocrx_word' id='word_1_319' title='bbox 260 3444 357 3513; x_wconf 86' lang='lat' dir='ltr'>quidem</span> <span class='ocrx_word' id='word_1_320' title='bbox 370 3440 712 3493; x_wconf 83' lang='lat' dir='ltr'>haecincommodavidentur</span> <span class='ocrx_word' id='word_1_321' title='bbox 725 3458 763 3490; x_wconf 90' lang='lat' dir='ltr'>sa·</span> <span class='ocrx_word' id='word_1_322' title='bbox 795 3442 858 3505; x_wconf 80' lang='lat' dir='ltr'>qaod</span> <span class='ocrx_word' id='word_1_323' title='bbox 880 3458 924 3489; x_wconf 75' lang='lat' dir='ltr'>seeo</span> <span class='ocrx_word' id='word_1_324' title='bbox 949 3450 1054 3507; x_wconf 81' lang='lat' dir='ltr'>temporo</span> <span class='ocrx_word' id='word_1_325' title='bbox 1075 3445 1177 3508; x_wconf 65' lang='lat' dir='ltr'>percepi</span> <span class='ocrx_word' id='word_1_326' title='bbox 1203 3444 1297 3493; x_wconf 85' lang='lat' dir='ltr'>debeat.</span> 
     </span>
     <span class='ocr_line' id='line_1_34' title="bbox 259 3525 1298 3599; baseline -0.003 -18"><span class='ocrx_word' id='word_1_327' title='bbox 259 3534 366 3599; x_wconf 84' lang='lat' dir='ltr'>gaciores</span> <span class='ocrx_word' id='word_1_328' title='bbox 388 3531 559 3595; x_wconf 67' lang='lat' dir='ltr'>interpretum</span> <span class='ocrx_word' id='word_1_329' title='bbox 583 3527 639 3576; x_wconf 90' lang='lat' dir='ltr'>dnm</span> <span class='ocrx_word' id='word_1_330' title='bbox 659 3526 763 3575; x_wconf 85' lang='lat' dir='ltr'>sollicite</span> <span class='ocrx_word' id='word_1_331' title='bbox 796 3526 840 3576; x_wconf 89' lang='lat' dir='ltr'>Ubi</span> <span class='ocrx_word' id='word_1_332' title='bbox 867 3525 946 3576; x_wconf 89' lang='lat' dir='ltr'>obiter</span> <span class='ocrx_word' id='word_1_333' title='bbox 977 3539 1033 3578; x_wconf 87' lang='lat' dir='ltr'>nota</span> <span class='ocrx_word' id='word_1_334' title='bbox 1063 3529 1126 3578; x_wconf 86' lang='lat' dir='ltr'>illud</span> <span class='ocrx_word' id='word_1_335' title='bbox 1157 3532 1298 3578; x_wconf 70' lang='lat' dir='ltr'>cantantis</span> 
     </span>
     <span class='ocr_line' id='line_1_35' title="bbox 261 3612 1298 3684; baseline -0.003 -18"><span class='ocrx_word' id='word_1_336' title='bbox 261 3626 379 3684; x_wconf 85' lang='lat' dir='ltr'>quaerunt</span> <span class='ocrx_word' id='word_1_337' title='bbox 394 3626 418 3664; x_wconf 88' lang='lat' dir='ltr'>et</span> <span class='ocrx_word' id='word_1_338' title='bbox 431 3613 587 3680; x_wconf 88' lang='lat' dir='ltr'>respondent,</span> <span class='ocrx_word' id='word_1_339' title='bbox 598 3612 656 3679; x_wconf 91' lang='lat' dir='ltr'>quid</span> <span class='ocrx_word' id='word_1_340' title='bbox 666 3613 707 3661; x_wconf 85' lang='lat' dir='ltr'>bic</span> <span class='ocrx_word' id='word_1_341' title='bbox 721 3629 764 3660; x_wconf 78' lang='lat' dir='ltr'>aa·</span> <span class='ocrx_word' id='word_1_342' title='bbox 781 3616 892 3661; x_wconf 81' lang='lat' dir='ltr'>aetatis</span> <span class='ocrx_word' id='word_1_343' title='bbox 896 3635 907 3675; x_wconf 78' lang='lat'>,-</span> <span class='ocrx_word' id='word_1_344' title='bbox 932 3624 959 3662; x_wconf 88' lang='grc' dir='ltr'>ιιι</span> <span class='ocrx_word' id='word_1_345' title='bbox 982 3625 1007 3663; x_wconf 90' lang='lat' dir='ltr'>et</span> <span class='ocrx_word' id='word_1_346' title='bbox 1022 3616 1087 3663; x_wconf 83' lang='lat' dir='ltr'>inira</span> <span class='ocrx_word' id='word_1_347' title='bbox 1104 3632 1155 3681; x_wconf 86' lang='lat' dir='ltr'>cap.</span> <span class='ocrx_word' id='word_1_348' title='bbox 1167 3618 1208 3665; x_wconf 61' lang='lat'>20.</span> <span class='ocrx_word' id='word_1_349' title='bbox 1231 3619 1298 3665; x_wconf 82' lang='lat' dir='ltr'>Saat</span> 
     </span>
     <span class='ocr_line' id='line_1_36' title="bbox 261 3695 1296 3763; baseline 0 -12"><span class='ocrx_word' id='word_1_350' title='bbox 261 3711 333 3751; x_wconf 80' lang='lat' dir='ltr'>turae</span> <span class='ocrx_word' id='word_1_351' title='bbox 348 3700 486 3751; x_wconf 85' lang='lat' dir='ltr'>sibivclint.</span> <span class='ocrx_word' id='word_1_352' title='bbox 503 3695 711 3748; x_wconf 77' lang='lat' dir='ltr'>AtCl.Dacierins</span> <span class='ocrx_word' id='word_1_353' title='bbox 726 3700 762 3747; x_wconf 84' lang='lat' dir='ltr'>ita</span> <span class='ocrx_word' id='word_1_354' title='bbox 795 3706 822 3746; x_wconf 89' lang='lat' dir='ltr'>et</span> <span class='ocrx_word' id='word_1_355' title='bbox 850 3701 965 3748; x_wconf 77' lang='lat' dir='ltr'>ineuntis</span> <span class='ocrx_word' id='word_1_356' title='bbox 992 3701 1168 3749; x_wconf 78' lang='lat' dir='ltr'>adolescentiae</span> <span class='ocrx_word' id='word_1_357' title='bbox 1194 3704 1296 3763; x_wconf 83' lang='lat' dir='ltr'>stadia,·</span> 
     </span>
     <span class='ocr_line' id='line_1_37' title="bbox 260 3784 1296 3851; baseline 0 -14"><span class='ocrx_word' id='word_1_358' title='bbox 260 3788 330 3837; x_wconf 84' lang='lat' dir='ltr'>nulla</span> <span class='ocrx_word' id='word_1_359' title='bbox 342 3788 383 3836; x_wconf 85' lang='lat' dir='ltr'>hic</span> <span class='ocrx_word' id='word_1_360' title='bbox 396 3785 539 3835; x_wconf 84' lang='lat' dir='ltr'>difficultate</span> <span class='ocrx_word' id='word_1_361' title='bbox 553 3784 657 3832; x_wconf 80' lang='lat' dir='ltr'>offensus</span> <span class='ocrx_word' id='word_1_362' title='bbox 671 3794 721 3847; x_wconf 86' lang='lat' dir='ltr'>est,</span> <span class='ocrx_word' id='word_1_363' title='bbox 736 3794 765 3831; x_wconf 89' lang='lat' dir='ltr'>ut</span> <span class='ocrx_word' id='word_1_364' title='bbox 796 3800 856 3832; x_wconf 86' lang='lat' dir='ltr'>nam</span> <span class='ocrx_word' id='word_1_365' title='bbox 869 3800 897 3833; x_wconf 86' lang='lat' dir='ltr'>ea</span> <span class='ocrx_word' id='word_1_366' title='bbox 908 3792 1023 3833; x_wconf 70' lang='lat' dir='ltr'>eormtans</span> <span class='ocrx_word' id='word_1_367' title='bbox 1034 3787 1087 3833; x_wconf 75' lang='lat' dir='ltr'>eam</span> <span class='ocrx_word' id='word_1_368' title='bbox 1096 3789 1207 3851; x_wconf 78' lang='lat' dir='ltr'>requirit</span> <span class='ocrx_word' id='word_1_369' title='bbox 1213 3797 1296 3851; x_wconf 82' lang='lat' dir='ltr'>actas,</span> 
     </span>
     <span class='ocr_line' id='line_1_38' title="bbox 262 3870 1297 3933; baseline 0.002 -11"><span class='ocrx_word' id='word_1_370' title='bbox 262 3876 350 3922; x_wconf 81' lang='lat' dir='ltr'>bellam</span> <span class='ocrx_word' id='word_1_371' title='bbox 370 3888 423 3922; x_wconf 85' lang='lat' dir='ltr'>esse</span> <span class='ocrx_word' id='word_1_372' title='bbox 444 3888 541 3920; x_wconf 85' lang='lat' dir='ltr'>versam</span> <span class='ocrx_word' id='word_1_373' title='bbox 564 3870 694 3933; x_wconf 83' lang='lat' dir='ltr'>exclamet,</span> <span class='ocrx_word' id='word_1_374' title='bbox 720 3886 764 3916; x_wconf 86' lang='lat' dir='ltr'>na·</span> <span class='ocrx_word' id='word_1_375' title='bbox 796 3886 856 3932; x_wconf 79' lang='lat' dir='ltr'>qteao</span> <span class='ocrx_word' id='word_1_376' title='bbox 868 3871 950 3918; x_wconf 82' lang='lat' dir='ltr'>media</span> <span class='ocrx_word' id='word_1_377' title='bbox 959 3870 1077 3920; x_wconf 78' lang='lat' dir='ltr'>dicitur?</span> <span class='ocrx_word' id='word_1_378' title='bbox 1090 3874 1157 3922; x_wconf 79' lang='lat' dir='ltr'>Sunt</span> <span class='ocrx_word' id='word_1_379' title='bbox 1168 3878 1245 3923; x_wconf 85' lang='lat' dir='ltr'>ctiam</span> <span class='ocrx_word' id='word_1_380' title='bbox 1253 3878 1297 3923; x_wconf 84' lang='lat' dir='ltr'>ba·</span> 
     </span>
     <span class='ocr_line' id='line_1_39' title="bbox 263 3954 1297 4024; baseline -0.009 -18"><span class='ocrx_word' id='word_1_381' title='bbox 263 3966 334 4007; x_wconf 84' lang='lat' dir='ltr'>taras</span> <span class='ocrx_word' id='word_1_382' title='bbox 349 3968 429 4008; x_wconf 82' lang='lat' dir='ltr'>antam</span> <span class='ocrx_word' id='word_1_383' title='bbox 446 3956 486 4007; x_wconf 90' lang='lat' dir='ltr'>hic</span> <span class='ocrx_word' id='word_1_384' title='bbox 503 3974 552 4006; x_wconf 76' lang='lat' dir='ltr'>esse</span> <span class='ocrx_word' id='word_1_385' title='bbox 568 3963 672 4005; x_wconf 84' lang='lat' dir='ltr'>aetates.</span> <span class='ocrx_word' id='word_1_386' title='bbox 697 3954 764 4003; x_wconf 83' lang='lat' dir='ltr'>Relle</span> <span class='ocrx_word' id='word_1_387' title='bbox 796 3957 839 4003; x_wconf 83' lang='lat' dir='ltr'>ias</span> <span class='ocrx_word' id='word_1_388' title='bbox 854 3958 962 4004; x_wconf 81' lang='lat' dir='ltr'>aetatis:</span> <span class='ocrx_word' id='word_1_389' title='bbox 978 3973 1009 4004; x_wconf 82' lang='lat' dir='ltr'>no</span> <span class='ocrx_word' id='word_1_390' title='bbox 1024 3973 1053 4006; x_wconf 86' lang='lat' dir='ltr'>ea</span> <span class='ocrx_word' id='word_1_391' title='bbox 1066 3960 1163 4022; x_wconf 76' lang='lat' dir='ltr'>quidem</span> <span class='ocrx_word' id='word_1_392' title='bbox 1179 3977 1297 4024; x_wconf 64' lang='lat' dir='ltr'>quaem.</span> 
     </span>
     <span class='ocr_line' id='line_1_40' title="bbox 262 4039 1296 4106; baseline 0.003 -13"><span class='ocrx_word' id='word_1_393' title='bbox 262 4060 332 4093; x_wconf 77' lang='lat' dir='ltr'>sane:</span> <span class='ocrx_word' id='word_1_394' title='bbox 357 4054 387 4092; x_wconf 90' lang='lat' dir='ltr'>tu</span> <span class='ocrx_word' id='word_1_395' title='bbox 403 4054 496 4105; x_wconf 69' lang='lat' dir='ltr'>umen,</span> <span class='ocrx_word' id='word_1_396' title='bbox 521 4044 595 4090; x_wconf 84' lang='lat' dir='ltr'>sime</span> <span class='ocrx_word' id='word_1_397' title='bbox 612 4040 697 4102; x_wconf 87' lang='lat' dir='ltr'>andis,</span> <span class='ocrx_word' id='word_1_398' title='bbox 717 4039 763 4087; x_wconf 85' lang='lat' dir='ltr'>boc</span> <span class='ocrx_word' id='word_1_399' title='bbox 781 4048 840 4106; x_wconf 26' lang='lat' dir='ltr'>,tar</span> <span class='ocrx_word' id='word_1_400' title='bbox 858 4058 874 4088; x_wconf 90' lang='lat' dir='ltr'>a</span> <span class='ocrx_word' id='word_1_401' title='bbox 889 4049 1021 4092; x_wconf 81' lang='lat' dir='ltr'>senectteto.</span> <span class='ocrx_word' id='word_1_402' title='bbox 1046 4044 1102 4094; x_wconf 87' lang='lat' dir='ltr'>lnde</span> <span class='ocrx_word' id='word_1_403' title='bbox 1120 4048 1183 4095; x_wconf 85' lang='lat' dir='ltr'>enim</span> <span class='ocrx_word' id='word_1_404' title='bbox 1207 4046 1296 4106; x_wconf 77' lang='lat' dir='ltr'>diseas,</span> 
     </span>
     <span class='ocr_line' id='line_1_41' title="bbox 229 4111 1297 4192; baseline -0.001 -14"><span class='ocrx_word' id='word_1_405' title='bbox 229 4127 240 4138; x_wconf 83' lang='grc'><strong>”</strong></span> <span class='ocrx_word' id='word_1_406' title='bbox 260 4128 352 4178; x_wconf 85' lang='lat' dir='ltr'>bellum</span> <span class='ocrx_word' id='word_1_407' title='bbox 370 4127 508 4179; x_wconf 82' lang='lat' dir='ltr'>admiratori</span> <span class='ocrx_word' id='word_1_408' title='bbox 527 4144 569 4177; x_wconf 88' lang='lat' dir='ltr'>suo</span> <span class='ocrx_word' id='word_1_409' title='bbox 588 4111 715 4192; x_wconf 81' lang='lat' dir='ltr'>relinque,</span> <span class='ocrx_word' id='word_1_410' title='bbox 741 4134 766 4172; x_wconf 88' lang='lat' dir='ltr'>et</span> <span class='ocrx_word' id='word_1_411' title='bbox 798 4141 858 4190; x_wconf 89' lang='lat' dir='ltr'>quae</span> <span class='ocrx_word' id='word_1_412' title='bbox 883 4137 908 4174; x_wconf 88' lang='lat' dir='ltr'>et</span> <span class='ocrx_word' id='word_1_413' title='bbox 932 4128 1083 4192; x_wconf 84' lang='lat' dir='ltr'>quamobrem</span> <span class='ocrx_word' id='word_1_414' title='bbox 1105 4134 1203 4180; x_wconf 78' lang='lat' dir='ltr'>mobilis</span> <span class='ocrx_word' id='word_1_415' title='bbox 1226 4138 1297 4177; x_wconf 81' lang='lat' dir='ltr'>aetas</span> 
     </span>
    </p>
   </div>
   <div class='ocr_carea' id='block_1_4' title="bbox 0 0 1510 5000">
    <p class='ocr_par' dir='ltr' id='par_1_4' title="bbox 0 0 1510 5000">
     <span class='ocr_line' id='line_1_42' title="bbox 0 0 1510 5000; baseline 0 0"><span class='ocrx_word' id='word_1_416' title='bbox 0 0 1510 5000; x_wconf 95' lang='lat' dir='ltr'> </span> 
     </span>
    </p>
   </div>
  </div>
 </body>
</html>
