3009 5000
304 463 362 524 166
563 464 774 526 uoustll
805 465 1051 525 uelstoia

329 665 437 754 Quem
461 687 541 736 vero
561 667 721 760 erripuit,
745 673 838 737 tenet
859 629 1048 759 occiditque
1072 664 1233 759 legendo,

248 802 252 809 ’
326 784 402 855 Nou
425 784 567 853 missura
591 793 723 874 cutem,
747 785 812 853 uisi
835 784 935 879 plena
956 784 1103 873 cruoris,
1127 783 1261 856 hirudo.

331 1029 620 1094 Quemwoem'pcs‘t,
646 1036 714 1077 torst
736 1029 797 1076 oeci·
830 1028 907 1085 Qum
934 1041 990 1075 aero
1020 1029 1149 1093 empsit,
1184 1035 1252 1077 tenet
1280 1044 1320 1079 eo·

299 1114 384 1177 dispice
392 1114 505 1179 legendo,
518 1114 576 1162 Non
586 1116 797 1175 miserrumum,
829 1113 946 1178 mgitque
958 1112 1070 1178 egendo,
1090 1114 1147 1162 Nou
1158 1115 1267 1163 moerere
1281 1131 1321 1164 cu·

300 1202 355 1248 uisi
362 1200 440 1264 pleno
451 1202 561 1262 morie,
573 1200 669 1248 hirudo.
691 1198 800 1264 Aliquem
833 1205 882 1246 tem
896 1199 950 1246 uisi
958 1199 1034 1262 pleno
1055 1200 1153 1248 cracovia
1167 1200 1264 1250 bimdo.
1284 1200 1321 1249 Sic

298 1283 399 1351 legendo
424 1285 532 1334 occidere
563 1294 600 1332 est
622 1294 679 1333 nota
699 1282 796 1332 dicendi
826 1281 965 1349 metaphora
980 1293 1005 1331 et
1019 1293 1075 1350 apte
1089 1293 1114 1333 et
1125 1284 1227 1334 rotunde
1239 1284 1321 1334 cohae-

299 1369 403 1418 formula
419 1368 448 1417 dc
463 1371 507 1432 iis,
531 1370 574 1435 qui
590 1368 664 1418 alicui
679 1370 748 1418 triste
770 1384 797 1417 ac
829 1377 875 1417 ret.
891 1367 1009 1418 Theocrit.
1022 1367 1109 1436 Eidyll.
1122 1369 1160 1433 11,
1174 1371 1216 1420 56.
1234 1369 1276 1421 At
1292 1367 1323 1420 αἲ

299 1456 352 1504 iera
366 1454 440 1503 letale
456 1453 580 1503 fastidium
592 1455 702 1520 pariunt:
715 1454 814 1514 Graeci,
829 1450 916 1519 'Epor
937 1450 1039 1520 (irrupi,
1062 1455 1091 1503 ri
1111 1473 1163 1515 μευ
1186 1456 1271 1516 μέλαν
1294 1457 1322 1506 is

298 1544 332 1590 sic
341 1549 458 1605 usurpant
466 1540 638 1598 ἀποκτεῖναι,
648 1539 796 1598 oroneo,
830 1540 910 1604 χροὸς
925 1529 993 1600 αἷμα
1009 1537 1133 1599 Ἐμφύς,
1151 1539 1185 1599 ὡς
1204 1541 1324 1603 demisse

298 1625 472 1685 eureseim,
497 1625 665 1689 ἀποπνίγειν.
690 1625 798 1674 Illustra-
829 1626 903 1674 deae
928 1625 957 1674 ἐκ
980 1623 1090 1687 βδέλλα
1113 1627 1257 1686 miscenam
1280 1627 1325 1678 ubi

297 1722 384 1761 verunt
398 1710 571 1777 eremplisriri
584 1710 648 1761 docti
660 1710 691 1759 ad
705 1711 798 1760 horatii
827 1695 957 1760 Scholiasta
977 1711 1061 1771 ἐμφὺς
1083 1713 1254 1779 iuterpretatur
1275 1731 1325 1763 sso-

297 1796 798 1864 upei.nv,talcken.ede111ip.ffip
830 1795 947 1862 τασχῶν.
980 1796 1079 1846 Plautus
1099 1798 1196 1850 Poenul.
1225 1800 1276 1863 111,
1291 1813 1323 1865 11,

298 1883 349 1950 pol.
365 1900 391 1948 p.
407 1885 471 1946 278,
492 1893 518 1931 et
535 1882 639 1932 Pierson.
656 1882 687 1931 ad
701 1881 799 1931 Moerid.
831 1883 872 1932 37.
894 1883 948 1931 Iam
965 1898 1029 1930 uano
1057 1898 1101 1948 ego
1121 1885 1166 1932 illi
1186 1885 1326 1951 egredienti

298 1971 435 2019 Atticistam
455 1985 512 2036 pag.
533 1971 574 2020 7³.
606 1970 635 2017 Et
656 1979 735 2017 tamen
752 1984 800 2016 nou
832 1969 978 2032 sauguinem
989 1983 1107 2034 exsugam
1116 1972 1211 2034 procul.
1229 1970 1326 2036 Epidico

299 2054 371 2105 credo
383 2055 506 2104 Horatium
517 2053 558 2103 hic
570 2055 690 2119 scripsisse
706 2053 798 2101 occidit
829 2053 914 2116 11,11,
930 2054 955 2103 4.
968 2054 1021 2102 iam
1036 2069 1080 2120 ego
1094 2070 1132 2102 ms
1143 2064 1284 2104 convertam
1295 2058 1326 2105 s'ss

299 2140 407 2206 legendo.
422 2139 480 2188 'lota
492 2138 631 2205 metaphora
643 2137 673 2187 ab
686 2137 799 2187 hirudine
830 2138 984 2202 mordiens,
1005 2139 1087 2203 Atque
1106 2155 1188 2189 eorum
1208 2143 1328 2207 eemcgebo

299 2236 335 2275 est
352 2223 467 2274 desumta.
484 2225 561 2289 Quum
576 2223 670 2273 dixerat
685 2225 800 2289 arripuit
830 2225 984 2290 mrigainem.
999 2225 1043 2272 Pro
1052 2225 1176 2290 arrepsit,
1191 2226 1219 2276 iu
1234 2223 1329 2277 duobus

298 2321 324 2362 et
333 2319 415 2375 terret,
428 2313 476 2361 iam
485 2310 799 2377 cogitatbs‘srsds'rssm.Nam
831 2308 895 2377 apud
910 2310 979 2359 Feam
995 2309 1118 2360 codicibus
1137 2312 1260 2378 arripiet:
1283 2329 1328 2380 pro

298 2397 359 2448 haec
371 2399 468 2465 propria
479 2406 535 2446 sunt
550 2407 649 2446 naturae
662 2395 801 2446 animalculi
814 2419 818 2427 ¹
833 2396 981 2460 cecidique,
990 2397 1015 2445 in
1024 2395 1128 2447 editione
1135 2397 1224 2448 Veneta
1230 2415 1253 2448 a.
1262 2399 1327 2451 1478

299 2481 424 2534 vocabula.
448 2484 476 2531 ln
493 2482 541 2532 fine
559 2483 636 2548 ipsam
656 2482 799 2530 bincdinsm
831 2481 975 2545 arridetque.
993 2479 1170 2550 Oudendorpius
1183 2484 1211 2535 iu
1225 2484 1272 2535 MS.
1290 2486 1327 2535 in·

299 2571 414 2618 nominat.
430 2566 477 2615 Sed
491 2567 580 2615 timeo
597 2567 716 2614 nemiuem
737 2567 799 2614 ooss'-
829 2567 896 2613 veuit
913 2565 989 2623 Quem
1004 2569 1080 2614 emeat
1099 2571 1214 2635 arripnit
1220 2592 1231 2632 ,-
1254 2569 1327 2638 idque

299 2655 348 2703 dit.
364 2654 441 2719 Igitur
457 2649 521 2700 illud
532 2651 623 2699 occidit
635 2649 797 2717 metaphoram
829 2648 953 2716 probabat.
970 2649 1035 2699 ldem
1043 2667 1087 2718 ego
1099 2654 1262 2706 iamuotatum
1274 2672 1324 2705 esse

299 2737 369 2789 modo
382 2738 476 2805 ingrato
492 2735 621 2802 abrumpit.
640 2738 733 2801 Quanto
750 2752 799 2784 me-
830 2733 900 2784 video
922 2752 952 2784 ex
975 2735 1022 2786 MS.
1045 2738 1071 2785 in
1090 2741 1195 2805 margine
1217 2740 1327 2791 editionis

299 2826 349 2877 lius
364 2840 408 2891 pro
420 2823 528 2873 ominis
534 2821 652 2872 scribetur
664 2821 802 2871 exstem
833 2819 941 2870 Aldinae.

724 2997 918 3012 ῃ

335 3124 456 3173 Absolutis
468 3123 507 3172 his
518 3120 728 3183 innotationibus,
741 3118 801 3185 quid
832 3136 897 3184 cam,
908 3125 989 3187 inepte
999 3125 1137 3189 garrientis,
1150 3143 1221 3192 quam
1231 3138 1328 3193 poesie,

304 3211 405 3259 seutiam
418 3208 448 3258 de
461 3208 543 3259 ordine
550 3223 675 3271 versum,
685 3222 732 3273 qno
739 3205 801 3255 hanc
832 3217 932 3270 natura,
943 3206 1037 3273 studio,
1050 3226 1094 3259 usu
1103 3220 1129 3259 et
1139 3214 1254 3280 exemplis
1260 3214 1331 3264 (irae-

305 3294 336 3344 ad
351 3296 445 3344 Pisones
456 3294 585 3360 Epistolum
602 3294 735 3359 accepimus
750 3290 798 3341 dis·
829 3292 1332 3363 oommiormatiaopaeueperieoti,1,0n.

239 3450 243 3457 ι
305 3382 420 3448 positam,
448 3379 586 3443 declarabo,
608 3378 694 3428 deinde
715 3380 741 3427 iu
763 3394 805 3427 uo·
836 3386 937 3443 gumest
945 3393 1182 3448 commeantum
1188 3386 1333 3452 interpretes

305 3484 363 3517 vum
378 3465 484 3516 ordinem
499 3465 608 3532 dirigam.
621 3464 673 3528 sse,
690 3466 728 3515 uti
739 3480 803 3513 nuno
836 3461 986 3529 sudaverint,
1008 3482 1079 3534 quem
1096 3467 1200 3534 lapidem
1219 3488 1266 3521 nou
1283 3488 1333 3522 mo·

304 3554 408 3621 legitur,
424 3551 455 3601 ab
470 3551 566 3599 Horatio
579 3549 671 3617 digeri,
684 3566 737 3599 meo
749 3550 803 3615 qui·
833 3549 927 3613 verint,
935 3560 964 3598 ut
977 3560 1056 3602 tumen
1069 3552 1215 3619 probabilem
1224 3554 1331 3621 aliquam

306 3638 360 3688 dem
376 3636 478 3700 iudicio,
495 3653 542 3685 nou
555 3637 642 3702 potuit.
660 3636 718 3685 Nam
734 3651 803 3700 prae·
834 3636 1008 3704 speciosiorque
1039 3647 1217 3704 praeceptorum
1245 3643 1333 3691 seriem

306 3734 377 3793 cepta
392 3721 514 3774 Pisouibus
527 3720 629 3785 tradita,
645 3724 697 3788 ipsa
708 3719 804 3787 quidem
837 3730 862 3768 ct
878 3737 952 3770 unum
968 3724 994 3771 iu
1010 3732 1060 3772 toto
1071 3722 1155 3772 libello
1166 3734 1231 3775 recte
1244 3725 1332 3778 descri-

306 3811 357 3861 sola
380 3827 425 3877 per
448 3825 473 3859 se
501 3808 596 3875 singula
619 3816 675 3856 suut
698 3815 755 3871 apta
779 3814 805 3854 et
836 3816 905 3872 ptum
920 3806 1045 3857 consilium
1057 3807 1270 3875 deprehenderent.
1285 3812 1332 3863 Sed

307 3912 428 3960 couuexa,
448 3894 491 3945 sed
511 3896 620 3944 universa
637 3891 696 3942 adeo
710 3901 805 3957 portur·
836 3892 924 3959 quibus
944 3908 972 3941 ca
995 3908 1033 3943 res
1052 3896 1141 3961 optime
1158 3899 1284 3963 successit,
1305 3898 1333 3950 hi

308 3981 377 4046 bata,
394 3992 423 4031 ut
435 3980 529 4031 nullum
545 3980 596 4028 iere
612 3980 675 4028 inter
690 3994 719 4026 ea
733 3994 806 4043 apps-
838 3987 929 4028 tautam
946 3976 1072 4029 verborum
1087 3982 1179 4048 copiam
1193 3983 1273 4034 verbis
1287 3984 1333 4032 Ho-

215 4126 219 4133 ,
308 4078 360 4115 rest
379 4067 515 4130 vinculum,
540 4076 565 4115 et
586 4066 661 4113 oratio
681 4064 756 4128 magis
769 4065 805 4112 ri-
836 4066 893 4113 ratii
908 4064 994 4115 addere
1009 4069 1170 4133 coardeant,
1191 4080 1233 4133 ut,
1250 4071 1334 4136 siopi·

308 4150 393 4200 deatur
409 4153 522 4214 hominis,
538 4168 569 4199 ue
586 4148 644 4216 quid
660 4151 754 4213 grurim
770 4147 805 4198 di·
837 4153 918 4199 niones
936 4161 1011 4200 metro
1026 4154 1193 4219 inclusissent,
1217 4159 1263 4205 iam
1278 4157 1333 4222 api-
