3009 5000
276 442 315 503 38
541 448 753 510 110uAT11
786 400 1055 511 ΕΡΙὸΤΟΙιΑΚ

307 645 414 733 Quem
424 671 527 743 penes
540 648 715 720 arbitrium
728 660 789 742 est,
803 659 837 722 et
849 653 915 742 ius,
923 660 957 722 et
968 677 1086 723 norma
1095 651 1267 747 loquendi.

273 869 324 921 illis
332 870 433 919 licuisse.
448 873 496 920 lum
509 884 590 921 autem
602 883 696 921 strenue
710 875 775 921 fron·
806 876 885 937 siano,
907 876 1035 924 Grnevisno
1057 886 1081 925 et
1105 876 1238 925 Batteliano
1262 873 1304 924 ad·

275 965 324 1003 tem
355 957 468 1021 perfricat
488 958 621 1006 Theodorus
639 959 771 1021 Marcilius,
805 961 937 1018 scisrimus;
962 964 1020 1009 Siue
1042 963 1216 1027 Neptunus-
1234 962 1303 1009 steri·

275 1043 317 1106 qni
331 1057 362 1089 cn
374 1030 498 1091 veterilus
509 1045 599 1092 Horatii
615 1036 771 1111 Priscianique
804 1046 863 1094 lisere
876 1048 944 1111 palus
957 1075 990 1082 —
1003 1064 1045 1095 seu
1058 1050 1133 1095 amnis
1147 1064 1240 1095 cursum
1252 1063 1320 1114 ωαχ
1359 1106 1361 1110 Ι

274 1129 423 1176 membranis
438 1147 529 1189 veram,
543 1131 630 1191 nteit,
645 1117 771 1180 lectionem
804 1133 872 1181 tavit.
891 1143 918 1180 ut
932 1134 1004 1181 Cnrm.
1020 1134 1061 1196 ll,
1075 1138 1099 1182 2.
1120 1136 1169 1183 Seu
1185 1136 1250 1182 Deos
1265 1149 1304 1181 re·

275 1215 384 1278 profert,
400 1217 545 1277 sterilisque
552 1217 628 1278 palus
641 1225 773 1280 aptataque
801 1235 892 1284 gesque
907 1206 978 1267 canit
993 1246 1026 1254 —
1041 1221 1095 1267 sive
1111 1235 1169 1282 quos
1187 1221 1248 1266 Eleu
1265 1219 1305 1266 do-

274 1302 358 1349 remis.
382 1299 425 1348 Ubi
442 1303 503 1348 enim
517 1303 624 1365 gentium
640 1313 695 1350 sunt
711 1304 772 1352 tales
803 1320 868 1352 enum
882 1306 980 1353 reducit
995 1331 1029 1341 --
1042 1306 1135 1352 diebili
1147 1319 1249 1369 sponsae
1265 1307 1305 1351 iu·

275 1385 440 1434 membranae?
456 1387 503 1432 dut
519 1389 560 1451 qui
574 1387 640 1455 sodes
657 1388 771 1437 credibile
795 1397 913 1437 'senumve
929 1399 1028 1454 raptum
1045 1392 1142 1439 Plorat.
1172 1391 1223 1449 Qus
1249 1405 1305 1437 vero

275 1481 310 1520 est
335 1470 397 1536 apud
424 1471 566 1521 Prisciannm
591 1474 701 1539 produci,
732 1477 775 1540 qui
807 1475 900 1547 nullum
919 1475 959 1523 bic
980 1476 1057 1524 locum
1078 1475 1166 1537 habet,
1187 1486 1215 1523 ut
1234 1477 1306 1523 mirer

275 1555 329 1605 ideo
343 1559 412 1620 citat,
430 1568 457 1605 ut
472 1561 557 1623 corripi
570 1559 694 1609 ostendat?
702 1560 773 1626 quid,
807 1560 847 1607 liic
860 1571 896 1608 tot
907 1560 1037 1609 editoribus
1051 1579 1155 1610 somnum
1166 1560 1305 1625 obrepsisse.

275 1641 338 1709 quod
354 1651 442 1707 aptata
458 1646 534 1692 remis
567 1646 662 1693 minime
679 1645 774 1711 quidem
807 1649 856 1694 lam
873 1657 965 1708 autem,
983 1658 1010 1695 ut
1023 1649 1070 1694 llll
1079 1650 1104 1695 in
1114 1646 1193 1695 PRIVS
1202 1656 1306 1694 mutere·

271 1731 361 1794 palus,
383 1728 423 1777 sed
437 1731 510 1777 navis
528 1731 566 1778 vel
580 1733 648 1778 rutis
660 1742 724 1779 recte
742 1731 777 1780 di·
809 1748 872 1793 mus,
889 1743 913 1779 et
922 1749 1003 1780 vocum
1012 1732 1157 1794 similitudo,
1167 1732 1306 1797 praesertim

276 1816 351 1864 citur:
368 1817 508 1879 puiusveru
521 1824 580 1880 apta
596 1819 680 1866 remis.
706 1817 771 1866 Ovid.
804 1817 847 1865 ubi
864 1821 942 1881 prius
955 1819 1117 1883 compendiose
1135 1817 1261 1879 scribitur,
1282 1827 1307 1866 et

275 1901 463 1962 Art..tmu.11‚
484 1904 538 1949 126.
556 1903 576 1949 0
592 1904 688 1964 quoties
699 1904 773 1950 illum
813 1905 863 1967 ipsa
881 1906 999 1952 sententia
1014 1914 1164 1952 monuerunt.
1182 1905 1230 1951 lloc
1244 1905 1308 1950 enim

275 1988 356 2035 doluit
366 2002 499 2051 properare
518 1988 620 2051 Calypso
624 2009 635 2048 ,-
650 1988 782 2051 Runigio.
806 1988 1167 2053 voluitFlaccueQnaeabemni
1174 1989 1309 2037 aeeosteri·

277 2088 322 2135 que
354 2081 427 2136 aptas
457 2056 510 2121 esse
538 2075 642 2138 negauit
673 2071 774 2136 aqrtas'!
806 2073 836 2121 lis
845 2074 915 2138 palus
924 2075 1081 2136 fuerat,nunc
1091 2075 1207 2122 exsiccata
1217 2083 1309 2139 segetes

275 2157 395 2207 Claudium.
406 2159 472 2206 Bello
484 2160 536 2221 Get.
549 2177 571 2208 v.
581 2161 643 2221 339,
657 2158 777 2207 delibans
810 2160 866 2208 fert.
888 2161 961 2225 Atqui
977 2162 1002 2208 iu
1023 2160 1067 2208 bac
1078 2161 1203 2208 ‘sententia
1220 2160 1310 2207 rectius
1327 2182 1330 2187 ·

276 2254 301 2292 et
322 2244 440 2293 Danubio:
469 2247 544 2296 Ambo
567 2238 777 2308 habiles'remis,
808 2262 883 2310 prius
889 2249 966 2310 palus
979 2245 1067 2294 dixeris
1079 2263 1149 2311 quam
1162 2247 1214 2293 diu.
1227 2246 1310 2292 Noster

276 2331 343 2378 amle
367 2333 491 2397 glacialia
514 2334 578 2379 secti
600 2335 680 2397 Terga
701 2333 774 2380 rotis.
807 2332 881 2382 Carni.
899 2334 924 2395 l,
938 2335 962 2381 3.
986 2335 1125 2395 Sernotique
1141 2335 1219 2397 prius
1236 2331 1310 2379 tarda

277 2415 337 2480 Quid
352 2418 428 2482 igitur
440 2418 498 2466 fiete
521 2417 647 2478 fauebunt,
672 2427 700 2464 ut
717 2416 777 2465 bene
810 2421 946 2465 necessitas
969 2420 1029 2465 Leti
1049 2421 1175 2481 corripuit
1193 2417 1309 2482 gradum.

254 2504 379 2565 ‘ominor,
397 2507 438 2569 qui
456 2505 551 2551 Horatio
563 2502 624 2551 bene
640 2502 745 2564 volunt,¹
756 2505 776 2550 si
810 2504 888 2550 Prius
906 2506 1010 2564 semoti,
1033 2519 1118 2566 nempe
1140 2500 1170 2549 ab
1190 2503 1248 2566 ipsis
1265 2501 1313 2550 hu·

155 2584 156 2587 ¹
237 2651 240 2656 ν
277 2599 302 2637 et
312 2591 411 2657 ipse,in
430 2607 455 2636 re
475 2591 522 2636 iem
536 2577 658 2652 deplorata
675 2597 699 2635 et
711 2586 784 2652 depo·
814 2588 877 2635 muni
886 2589 978 2652 generis
987 2587 1128 2652 primordiis.
1140 2587 1205 2636 ovid.
1215 2588 1310 2637 Metam.

277 2675 400 2741 sits,quid
409 2677 508 2739 possim,
521 2684 651 2722 tentavero.
663 2673 780 2737 Principio
812 2675 837 2736 l,
858 2675 911 2721 135.
939 2674 1136 2737 Communemque
1153 2676 1245 2738 prius,
1268 2689 1312 2721 eeu

278 2763 353 2827 igitur
369 2778 437 2823 nemo
457 2778 470 2808 a
491 2778 528 2808 me
550 2758 702 2825 impetrabit,
720 2761 779 2825 quin
811 2761 905 2807 lumina
924 2760 985 2806 solis
1005 2767 1030 2806 et
1046 2775 1136 2821 auras,
1158 2760 1253 2807 Cautus
1270 2761 1313 2807 ltu·

277 2848 444 2897 Grammaticos
461 2846 516 2895 illos
532 2847 622 2895 vitiosis
636 2846 789 2910 exemplaris
808 2861 874 2893 mum
890 2847 962 2910 ionga
977 2847 1093 2909 signavit
1109 2848 1193 2894 limite
1207 2861 1312 2894 mensor.

278 2932 323 2982 bus
354 2951 402 2982 esse
425 2931 535 2997 deceptos
562 2931 668 2993 credam,
700 2931 780 2996 qualis
813 2941 837 2978 et
851 2931 887 2993 ll,
903 2933 957 2980 174.
978 2932 1091 2995 Quaeque
1102 2934 1159 2995 polo
1170 2934 1258 2997 posita
1274 2938 1314 2980 est
1362 2923 1364 2926 ’

279 3019 392 3085 pleraque
403 3019 495 3084 Virgilii
513 3028 592 3079 erant,
610 3026 670 3064 teste
686 3016 777 3080 Gellio,
807 3019 918 3082 glaciali
934 3020 1050 3081 prosimu
1072 3034 1185 3082 serpens,
1209 3020 1315 3083 Frigore

281 3105 327 3152 diu
340 3115 394 3153 ante
410 3115 481 3170 quam
497 3104 536 3152 illi
552 3112 712 3151 nascerentur.
741 3104 779 3149 ln·
808 3105 887 3167 pigro
899 3105 990 3166 prius,
1011 3119 1054 3150 nee
1060 3104 1236 3163 formidabilis
1251 3103 1312 3163 uili,

282 3188 396 3239 credibile
417 3191 478 3237 enim
497 3200 548 3252 est,
573 3199 602 3237 ut
615 3190 692 3252 palus
709 3187 781 3235 corri-
813 3190 932 3236 Incaluit.
955 3188 1017 3238 Pone
1035 3190 1082 3237 ium
1098 3189 1124 3237 in
1140 3188 1178 3236 his
1194 3187 1252 3235 lacis
1269 3185 1314 3233 diu

281 3277 361 3344 puerit
384 3276 495 3338 Flaccus,
515 3285 595 3324 eontra
612 3274 724 3323 sermonis
740 3290 780 3339 ge·
812 3289 855 3339 pro
880 3276 972 3338 prius‚·
1005 3290 1087 3323 versus
1117 3271 1213 3339 quidm
1238 3287 1313 3336 seque

280 3363 347 3411 nitrm
370 3372 394 3410 et
412 3378 530 3422 normam,
553 3360 703 3425 omniumque
720 3359 779 3408 alio·
812 3369 940 3424 utrumque
968 3360 1089 3425 recipiet,
1120 3357 1237 3406 sententia
1268 3374 1314 3405 non

281 3464 335 3498 rum
352 3464 452 3508 morem,
471 3456 519 3494 tum
536 3447 657 3511 proiecto,
675 3446 782 3510 quamsi
814 3445 881 3493 item.
908 3446 1000 3510 Quippe
1023 3446 1068 3493 diu
1091 3443 1163 3491 fuisse
1185 3441 1314 3505 dicuntur,

281 3537 368 3583 uirtus
389 3543 431 3582 ant
454 3534 529 3580 tellus
548 3530 653 3580 breviter
672 3548 725 3579 eum
742 3549 783 3579 ex·
815 3548 876 3597 quse
893 3549 907 3579 a
925 3531 995 3597 longo
1008 3541 1114 3595 tempore
1128 3529 1161 3576 sic
1176 3538 1257 3591 erant,
1274 3528 1315 3577 vix

281 3619 365 3668 tulisse
388 3616 543 3667 contenderis.
570 3618 647 3665 Posito
664 3617 739 3682 igitur
756 3627 781 3664 et
813 3633 874 3682 quse
896 3615 926 3664 sb
945 3616 1021 3663 omni:
1042 3616 1119 3679 prius
1140 3630 1196 3661 vero
1218 3614 1315 3679 utrique

281 3722 407 3765 concesso,
430 3694 521 3762 locum,
547 3713 575 3750 ut
596 3701 666 3750 hodie
685 3704 779 3764 fertur,
813 3699 892 3750 sensui
923 3719 952 3749 ex
979 3717 1054 3765 nequo
1080 3700 1196 3749 convenit.
1230 3700 1314 3766 Virgil:

279 3793 306 3841 iu
323 3790 407 3840 menda
428 3788 527 3844 cubure;
552 3789 585 3836 sic
607 3787 781 3837 restituendum
813 3788 896 3852 Georg.
915 3787 962 3847 lll,
980 3788 1036 3834 362.
1063 3785 1225 3834 Concrescunt
1250 3788 1317 3834 subi·

280 3886 305 3924 et
318 3874 478 3942 reponendum
493 3872 696 3940 arbitrorzllegis
710 3889 784 3938 opus:
817 3881 858 3921 tae
882 3873 995 3920 currenti
1018 3873 1048 3918 in
1065 3872 1173 3934 flumine
1199 3881 1315 3932 crustae,

282 3963 412 4010 sterilisve
433 3962 510 4028 palus
528 3961 603 4026 prius
621 3967 727 4025 aptaque
745 3974 784 4006 re·
819 3958 932 4021 undaque
952 3959 1005 4005 iam
1028 3957 1222 4021 tergoferratos
1239 3958 1317 4006 susti·

280 4049 332 4095 mis
361 4048 461 4096 Vicinos
487 4047 559 4095 urbes
581 4046 632 4094 alit
659 4053 684 4092 et
705 4060 785 4110 graue
816 4050 860 4090 nst
875 4043 955 4103 orbes,
979 4043 1108 4108 Puppibus
1123 4045 1170 4091 ilia
1182 4044 1259 4107 prius
1270 4055 1317 4105 pa-

282 4134 363 4182 sentit
375 4141 497 4181 aratrum.
514 4130 558 4181 Ubi
574 4130 636 4181 illud
651 4146 679 4179 as
692 4147 722 4180 ex
730 4129 784 4177 Vos·
818 4129 900 4188 tulis,
924 4144 988 4178 nurse
1012 4130 1111 4196 nuptui
1128 4129 1265 4194 punieris.
1291 4135 1317 4174 et
