3009 5000
273 445 330 507 iss
535 447 748 508 uon-srrr
780 402 1024 512 nursicus
1105 468 1110 481 ·

300 646 396 718 Tolle
421 670 563 719 memor:
587 651 686 720 cerlis
712 650 861 722 medium
886 659 920 722 et
942 648 1117 722 tolerabile
1139 645 1241 718 rebus

299 766 404 837 Recte
430 765 578 837 concedi.
606 766 790 841 Consultus
810 771 893 842 iuris
915 777 955 842 et·
973 777 1068 842 actor

300 883 503 954 Caussarum
521 884 704 957 mediocris
727 887 821 959 abest
845 891 969 961 virtute
991 890 1106 961 diserti

299 1001 478 1090 Messalae,
504 1025 567 1074 nec
588 1005 676 1095 scit,
702 1015 869 1099 quantum
897 1007 1080 1079 Cascellius
1103 1004 1228 1077 Aulus:

223 1136 229 1145 ¹
300 1118 365 1190 Sed
386 1120 557 1190 tamenin
581 1124 689 1217 pretio
711 1133 772 1195 est.
796 1125 1021 1198 Mediocribus
1040 1148 1112 1197 esse
1135 1124 1263 1220 poetis,

300 1239 375 1310 Non
395 1238 565 1329 homines,
590 1263 660 1310 non
680 1241 745 1333 Di,
771 1268 839 1315 non
863 1267 1055 1317 concessere
1074 1243 1262 1315 columnae.

268 1488 294 1536 p.
308 1471 371 1534 517,
392 1475 456 1522 visam
478 1483 514 1522 cst
534 1473 582 1524 sibi
599 1476 689 1541 primus
704 1472 766 1523 hanc
798 1472 854 1533 buit
870 1480 953 1520 auctor
967 1471 1089 1531 versusin
1101 1466 1199 1517 Aeneid.
1213 1465 1298 1533 virgil.

268 1555 395 1605 formulam
409 1556 556 1622 observasse,
573 1576 633 1626 qua,
648 1570 676 1607 ut
692 1558 766 1617 dicit,
799 1558 842 1621 ll,
855 1560 912 1607 377.
940 1557 1003 1621 Uspe
1025 1557 1093 1606 dicto
1113 1570 1210 1603 memor.
1231 1554 1299 1603 Tolle

269 1657 323 1689 eum
346 1641 510 1708 indignatione
538 1660 586 1694 non
615 1644 767 1694 attendentes
798 1644 907 1707 dictum,
929 1652 958 1691 ut
979 1642 1040 1691 alibi
1061 1642 1090 1690 de
1109 1640 1201 1690 Lucilio
1220 1639 1297 1705 Satyr.

169 1790 175 1801 .
268 1724 377 1775 iubemus
392 1730 462 1778 aures
478 1740 503 1778 et
518 1731 623 1780 animum
635 1730 766 1780 advertere.
800 1731 878 1794 l,1r,
893 1732 932 1778 11.
956 1730 1017 1777 Cum
1031 1730 1126 1792 flueret
1146 1728 1298 1787 lutulentus,

269 1807 383 1878 Equidem
398 1813 438 1863 hie
451 1817 523 1864 etiam
536 1816 669 1882 locaprobe
682 1806 770 1866 diicer·
801 1824 858 1865 erat
872 1815 935 1880 quod
951 1817 1035 1865 tollere
1051 1815 1132 1863 velles.
1159 1812 1220 1860 Sunt
1233 1812 1299 1860 enim

269 1897 346 1946 nenda
363 1916 411 1948 esse
428 1900 538 1951 arbitror.
553 1902 611 1950 Nam
624 1903 770 1968 indignatio
800 1901 860 1950 haec
875 1900 948 1949 verba
963 1902 1034 1949 amici
1049 1898 1237 1965 interpellantis:
1253 1897 1300 1946 Lu-

269 1999 316 2031 non
332 2000 424 2050 semper
440 1986 552 2036 adiuncta
568 1997 618 2051 est,
640 1987 767 2053 sedsaepe
800 1986 871 2035 cilius
901 1997 997 2049 temen,
1031 1988 1137 2053 quamvis
1165 1983 1300 2032 lutulentus

269 2069 346 2116 amisa
368 2069 515 2134 admonitio,
540 2088 614 2138 quum
637 2072 680 2135 id,
705 2071 769 2138 quod
801 2071 1068 2135 fluat,multnl1al›et‚
1085 2069 1299 2137 quaebouasunt,

272 2151 362 2200 dicturi
377 2170 471 2218 sumus,
487 2156 592 2205 auditori
603 2159 719 2223 imprimis
732 2173 773 2207 cu·
805 2174 865 2224 quae
882 2157 959 2207 tollas.
969 2167 994 2207 et
1011 2168 1089 2206 tecum
1105 2165 1191 2222 portes.
1213 2151 1301 2201 ‚laslin-

270 2255 311 2286 rae
333 2239 445 2306 cordique
462 2243 513 2291 sore
529 2260 667 2309 speramus,
684 2243 723 2293 vel
741 2261 771 2292 ex
803 2244 881 2294 lantes
894 2243 987 2310 aliquid
995 2244 1129 2293 invenimus
1138 2241 1206 2290 humi
1212 2241 1300 2289 iacens.

274 2324 357 2373 multis
376 2327 481 2394 aliquem
497 2346 572 2378 unum
595 2330 718 2395 volumus,
743 2330 775 2379 ad
806 2331 831 2380 si
847 2330 911 2379 illud
927 2330 1029 2379 alieuius
1044 2332 1076 2378 sit
1091 2328 1178 2395 pretii,
1196 2325 1302 2375 tollimus

271 2426 343 2475 quem
365 2411 429 2462 dictu
451 2425 531 2464 nostra
550 2417 695 2482 pertineant.
720 2417 770 2465 lam
803 2426 828 2464 et
847 2418 873 2464 in
892 2418 945 2464 sinu
960 2414 1116 2464 recondimus.
1139 2411 1301 2476 insapiens,

270 2495 369 2546 Plautus
385 2501 464 2547 utitur
480 2500 770 2563 inGurcul.ll,11,30.
803 2500 868 2566 apud
886 2500 1023 2561 Horatium,
1046 2500 1156 2563 ingentes
1180 2496 1303 2545 thmauros

270 2583 342 2629 Jlms
354 2591 396 2646 tu,
411 2585 462 2631 ridi
471 2599 515 2648 ego
528 2585 590 2632 dico.
607 2585 695 2632 Auctor
708 2584 772 2632 Pria·
804 2583 873 2631 oculo
893 2585 1015 2631 irretorro
1035 2591 1136 2648 spectat.
1163 2581 1189 2629 si
1209 2589 1302 2646 posset,

268 2667 377 2731 peiorum
398 2669 424 2716 in
439 2667 536 2717 Authol.
554 2668 573 2717 l.
588 2667 607 2717 l.
629 2669 712 2733 Ileus,
728 2670 769 2716 im·
800 2685 848 2716 non
865 2670 972 2717 tolleret.
990 2665 1131 2716 Plutarchus
1146 2667 1172 2715 in
1187 2665 1300 2715 Themist.

266 2752 339 2814 quit,
361 2753 412 2800 risi
431 2753 552 2818 dicimus,
569 2755 677 2804 monade.
700 2753 766 2803 Ouid.
800 2771 852 2820 cap.
872 2754 953 2802 xvnl.
981 2752 1037 2803 τῶν
1059 2770 1091 2802 τε
1112 2753 1214 2819 νεκρῶν
1237 2751 1303 2808 τοὺς

269 2837 485 2902 ldetam.lX,120.
501 2841 554 2899 Quo
567 2842 710 2905 tefiducio,
721 2843 771 2890 clu-
803 2840 964 2898 ἐκπεσόντας
985 2838 1134 2889 ἐπισκοπῶν
1155 2840 1231 2905 παρὰ
1251 2840 1302 2903 τὴν

269 2931 337 2986 mot,
355 2925 771 2993 Vanupedum,·oiolenre,rapit?
802 2925 960 2990 θάλασσαν,
985 2925 1020 2984 ὡς
1041 2917 1101 2976 εἶδε
1128 2925 1303 2992 περικείμενα

271 3010 338 3073 tibi,
367 3011 447 3061 Nesse
476 3013 606 3077 disemis,
636 3014 770 3076 Dicimus,
802 3013 900 3072 ψέλλια
941 3015 1027 3080 χρυσᾶ
1057 3012 1104 3061 καὶ
1134 3010 1300 3079 στρεπτοὺς,

270 3095 370 3146 eraudi.
393 3096 513 3148 Phaedrus
528 3099 571 3163 Il,
585 3101 625 3148 19.
647 3099 772 3151 Abiturus
805 3098 889 3157 αὐτὸς
905 3096 954 3160 μὲν
970 3098 1117 3166 παρῆλθε,
1139 3098 1184 3166 τῷἸ
1194 3096 1221 3146 δ’
1237 3095 1302 3147 s‘mo-

269 3181 349 3243 illuo,
370 3196 416 3245 quo
430 3186 528 3248 priores
546 3186 677 3247 abierunt,
701 3185 770 3243 Quia
800 3185 871 3250 μένῳ
888 3183 955 3249 φίλῳ
964 3184 1071 3249 δείξας,
1084 3175 1170 3235 εἶπεν·
1182 3182 1300 3235 ’Aestas

269 3272 351 3312 mento
367 3283 435 3315 emsa
447 3271 565 3319 mismum
579 3279 677 3335 torques
688 3272 768 3336 spiri·
800 3271 902 3337 σαυτῷ.
929 3270 961 3319 σύ
984 3275 1036 3338 γὰρ
1059 3271 1108 3320 οὐκ
1126 3261 1152 3321 εἷ
1168 3268 1302 3330 Θεμιστο-

272 3346 349 3397 tum?
371 3353 430 3399 Τίσι·
445 3354 516 3418 dico,
540 3371 629 3419 ovare,
647 3356 771 3422 goudium
803 3354 875 3421 νλῆς.
903 3356 998 3404 Dictum
1018 3357 1131 3424 Antigoni
1156 3357 1220 3405 inter
1243 3354 1302 3402 alios

272 3436 388 3485 haeredis
404 3441 453 3488 tui.
471 3438 514 3488 ubi
530 3441 600 3506 plura
616 3442 770 3492 Burmannus.
804 3443 907 3490 servavit
916 3440 1030 3492 Stobaeus
1039 3443 1112 3492 Serm.
1121 3443 1161 3491 47.
1176 3439 1215 3488 Εἰ
1226 3438 1302 3505 ᾔδεις

272 3522 380 3571 Catullus
403 3524 476 3573 Germ.
499 3527 570 3574 XXX.
599 3528 772 3592 significatione
806 3527 871 3577 ὅσων
901 3527 989 3577 κακῶν
1014 3528 1115 3589 μεστόν
1144 3526 1198 3576 ἐστι
1217 3527 1301 3575 τοῦτο

273 3607 339 3657 haud
356 3610 458 3659 multum
474 3610 584 3660 dissimili
599 3614 654 3661 dico
669 3616 773 3679 posuisse
806 3614 839 3662 τὸ
865 3612 957 3678 ῥάκος,
987 3613 1078 3671 δείξας
1104 3612 1136 3662 τὸ
1162 3610 1300 3677 διάδημα,

273 3694 377 3746 videtur.
395 3694 485 3744 Eheu!
499 3698 561 3761 quid
568 3698 687 3759 fociant,
703 3700 772 3761 dico,
806 3698 855 3749 oria
865 3699 899 3749 ἂν
912 3700 958 3749 ἐπὶ
973 3699 1083 3766 aemulae
1097 3698 1219 3758 aelurum
1232 3696 1301 3747 adad

273 3781 395 3846 homiues,
410 3784 496 3845 quoivs
508 3781 771 3844 habeomtfidcmPEo·
803 3786 963 3846 ἐβάστασας.
988 3785 1123 3832 Ammianus
1152 3784 1302 3833 Marcellinus

273 3865 326 3915 dem
355 3867 481 3917 referenda
509 3878 566 3917 sunt
589 3868 634 3917 illa
657 3871 771 3918 oratoria:
805 3872 886 3935 m,
903 3887 958 3938 pag.
977 3871 1038 3938 461:
1057 3871 1233 3919 Thmuistoclss
1247 3885 1302 3918 cum

162 3983 167 3988 -
273 3950 354 4002 dicam
369 3954 432 4019 quod
446 3956 543 4018 sentio,
564 3955 692 4003 &cendum
707 3957 774 4003 emim
800 3966 861 4022 post
871 3973 981 4024 pugnam
992 3957 1140 4022 agminaque
1150 3957 1232 4005 rulers
1242 3958 1302 4004 Per·

273 4043 319 4085 est.
342 4041 409 4088 Tolle
423 4042 473 4089 tibi
489 4041 583 4089 dietum
593 4056 683 4089 memor
696 4039 771 4090 habet
802 4060 886 4092 sorum
910 4045 1014 4092 licenter
1038 4043 1191 4091 obambulans
1214 4042 1300 4091 armil-

273 4120 454 4174 similitudinem
469 4126 598 4189 formulae,
615 4144 685 4193 quarn
706 4126 774 4176 adhi-
807 4130 845 4177 las
866 4145 954 4178 aureas
974 4129 1081 4177 vidisset
1096 4130 1165 4177 humi
1178 4130 1301 4192 proiectas
