3009 5000
264 467 305 529 rs
530 421 745 530 nonaum
776 466 1023 527 urrsroas
1095 514 1102 525 ,

289 671 364 742 Non
385 672 463 741 satis
485 678 536 740 est
554 668 697 764 pulchra
715 690 787 739 esse
802 674 976 763 poemata,
1003 666 1117 738 dulcia
1133 676 1234 739 sunto
1245 722 1257 760 ,

261 894 366 955 adiecit,
379 894 405 942 in
419 891 506 959 quihus
515 903 539 941 et
549 893 606 941 hoo:
622 891 761 958 »Telephus
792 890 835 939 lud
849 892 1001 956 explicavisse
1015 895 1140 958 separatim
1150 902 1174 941 et
1181 895 1292 942 universe

261 981 333 1028 eamd
346 995 423 1044 neque
445 997 474 1028 ex
490 981 566 1044 poetis
584 979 692 1044 cognitus
708 988 758 1038 est,
790 978 816 1024 in
832 977 999 1042 sequentibus,
1016 978 1071 1026 iude
1088 996 1101 1027 a
1118 996 1151 1029 vs.
1166 983 1221 1028 201.
1248 980 1293 1029 Ne·

263 1081 340 1130 neque
362 1082 441 1114 caussa
463 1066 543 1114 exsilii
563 1082 591 1113 ex
613 1063 757 1130 ldythologia
790 1079 836 1127 qne
850 1063 975 1128 intelligo,
997 1080 1040 1111 eur
1058 1063 1120 1119 illud
1138 1065 1294 1130 epiphonema

263 1152 347 1198 confici
365 1161 451 1216 potest.
476 1152 578 1198 Fortasse
600 1150 675 1213 igitur
690 1149 762 1195 cassel
793 1150 819 1195 si
848 1157 920 1197 curat
944 1165 985 1196 eor
1013 1152 1151 1213 spectantis
1176 1153 1295 1215 tetigisse

263 1236 327 1302 apud
348 1237 470 1285 Horatium
491 1251 537 1282 non
558 1234 651 1298 proprie
673 1234 761 1297 aecipi-
793 1236 891 1296 querela
922 1235 967 1282 soli
1000 1234 1133 1299 tragoediae
1156 1226 1291 1300 addiderit,

266 1322 360 1371 endum.
383 1320 515 1386 Telephus,
533 1318 764 1383 qui‚uis1inGrae·
796 1335 849 1366 eum
872 1320 949 1367 simile
974 1320 1065 1385 aliquid
1084 1320 1147 1368 haud
1163 1323 1240 1369 minus
1264 1321 1295 1370 ad

266 1409 316 1470 cia,
340 1408 416 1455 sartari
434 1422 481 1452 non
507 1414 598 1469 postet,
621 1420 635 1451 a
658 1405 707 1451 iata
732 1421 762 1452 ex
795 1404 937 1453 comoediam
948 1406 1031 1453 luisset
1045 1406 1202 1455 referendum.
1218 1409 1294 1471 Quare

266 1496 339 1559 Mysia
356 1491 474 1539 discedere
493 1499 587 1537 coaetus
603 1499 627 1537 et
648 1490 721 1553 quasi
735 1491 765 1536 ia
790 1476 892 1538 ‘minime
912 1490 1012 1553 dubito,
1038 1493 1095 1557 quin
1112 1492 1222 1540 Horatius
1237 1495 1294 1541 seri·

266 1575 763 1637 resiliameieotresest.”Difficultaarre·
795 1578 885 1641 pserit:
918 1579 1037 1641 Telephus
1061 1586 1086 1625 et
1111 1579 1214 1640 Peleos,
1242 1594 1297 1627 eum

267 1662 310 1726 do,
328 1673 363 1712 est
379 1662 485 1723 sublata,
502 1660 602 1709 siverba
615 1662 763 1725 lloratiisic,
792 1670 932 1726 pauperet
955 1665 1039 1725 easul,
1059 1671 1161 1727 rataque
1185 1666 1297 1713 Proiiee't

266 1759 294 1797 ut
310 1750 370 1811 ieri,
386 1750 583 1812 interpretemur,
598 1759 717 1814 tamqnam
730 1749 766 1796 le·
797 1750 917 1812 ampullas
932 1758 958 1796 et
973 1752 1153 1813 sesquipedalia
1169 1753 1247 1800 verda.
1266 1753 1298 1800 a·
1340 1749 1346 1756 ’

267 1846 378 1900 geretur:
402 1833 519 1898 Telephus
547 1844 572 1882 et
600 1834 697 1896 Peleus,
722 1834 766 1882 ille
798 1828 871 1882 meras
885 1851 926 1882 eor
941 1838 1079 1899 speetama's
1102 1838 1219 1902 tetigisse
1243 1853 1298 1901 qae-

262 1937 374 1985 paaper,
396 1919 436 1967 hie
458 1922 541 1982 easul,
564 1930 664 1984 uterque
680 1918 765 1967 abiicit
797 1922 863 1982 rela,
888 1921 945 1968 Non
969 1924 1036 1969 satis
1060 1930 1099 1969 est
1117 1926 1222 1986 pulchra
1247 1938 1299 1971 esse

267 2006 391 2070 ampullas.
412 2004 623 2070 ‘Wyttenbachius
647 2021 689 2069 pro
713 2020 768 2052 eum
795 2014 923 2068 poemata,
946 2008 1030 2054 dulcia
1047 2016 1119 2056 meato
1141 2025 1174 2073 sq.
1209 2010 1298 2057 Novum

267 2089 428 2139 volebateur:
442 2100 470 2138 ut
482 2090 711 2154 essetinterrogatio
727 2106 769 2138 ne·
801 2089 841 2138 hie
865 2092 950 2155 incipit
967 2103 1119 2158 praeceptum
1136 2093 1165 2141 de
1182 2111 1223 2156 eo,
1240 2093 1300 2160 quid

269 2192 338 2242 gaus:
356 2156 497 2224 sententiam
514 2175 576 2222 enirn
590 2175 710 2240 requirere
727 2192 768 2223 ue·
800 2176 890 2224 ammos
905 2187 1063 2241 apertatorum
1085 2190 1245 2241 commoveat,
1269 2179 1299 2227 de

269 2263 394 2327 gationem.
412 2262 533 2325 decepisse
550 2259 646 2308 videtur
659 2263 769 2325 proiicit
800 2264 927 2327 praecipuo
954 2263 1094 2329 Tragoedias
1119 2276 1143 2312 et
1164 2264 1299 2314 comoediae

190 2414 195 2421 Ι
269 2366 316 2397 non
330 2365 371 2413 pro
387 2348 492 2409 allisit,
507 2347 769 2408 sediaraedlemsert.
803 2348 908 2396 oonsilio.
923 2350 956 2397 Si
970 2365 1056 2412 ouras,
1073 2352 1093 2398 si
1109 2351 1162 2416 quis
1180 2351 1301 2413 rurat‚si

305 2436 336 2483 Si
350 2440 422 2482 aurat
437 2448 478 2481 eor
498 2434 636 2497 speotoata's
657 2434 774 2498 tetigisse
807 2436 921 2498 scriptor,
938 2435 959 2480 si
974 2451 1015 2481 ros
1031 2451 1045 2481 o
1062 2436 1154 2483 Pisones
1170 2438 1266 2485 curatis.

271 2523 375 2586 querela.
393 2520 459 2567 Prius
474 2535 544 2584 quam
560 2518 600 2566 har
613 2518 705 2583 aliquid
718 2535 770 2567 mu·
834 2519 891 2567 Noa
914 2521 982 2566 satis
1005 2527 1045 2566 est
1060 2523 1165 2583 pulchra
1180 2537 1232 2569 esse
1246 2537 1303 2585 poe·

272 2619 334 2669 tem,
354 2605 478 2654 dicendum
493 2615 541 2666 est,
556 2622 598 2652 rur
613 2603 710 2669 vulgata
723 2620 770 2651 nou
802 2611 883 2667 mata,
901 2604 983 2652 dalaia
995 2613 1075 2653 serata
1095 2607 1182 2654 Aurios
1198 2618 1222 2654 et
1238 2607 1304 2656 solli·

272 2693 390 2759 placeant.
408 2692 499 2756 lnspiee
514 2683 769 2738 iterumseutentiam:
804 2690 863 2737 sitos
879 2690 963 2738 merito
987 2689 1072 2739 habuit
1094 2690 1133 2739 hic
1149 2692 1214 2741 lorus
1230 2695 1304 2742 inter·

274 2780 313 2826 list
329 2779 418 2840 oratio,
434 2777 503 2824 unice
513 2777 607 2840 propria
618 2774 772 2837 Comoedias,
805 2783 899 2839 pretes‚·
918 2791 971 2822 eum
994 2774 1091 2824 obseura
1108 2778 1153 2839 sit,
1179 2796 1248 2845 quam
1265 2796 1305 2843 po·

276 2875 324 2927 est,
341 2862 496 2928 Tragoediae:
519 2860 639 2909 interdum
654 2871 731 2909 tamen
746 2855 789 2907 in'
806 2861 842 2907 uit
856 2861 973 2925 oppositio
986 2862 1157 2926 interpolehro
1175 2875 1199 2913 et
1213 2866 1303 2913 dalaia.

274 2950 395 3000 Comoedia
409 2958 473 2996 reete
486 2950 583 3012 ponitur
598 2946 690 3011 aliquid
703 2947 776 3011 tragi-
809 2946 935 2994 Pulchrum
960 2948 1021 2995 enirn
1047 2965 1205 3017 quascumque
1223 2949 1306 2998 earmi-

276 3055 329 3099 eae,
360 3038 385 3084 ln
410 3032 538 3098 Tragoedia
558 3031 650 3097 aliquid
671 3033 772 3080 comicae
805 3033 842 3079 nis
865 3034 982 3094 virtutes,
1008 3035 1080 3082 etiam
1102 3037 1177 3101 ipsam
1199 3035 1306 3084 dulcedi·

275 3121 395 3171 orationis.
412 3118 605 3167 Chremesiratns
618 3116 773 3182 loquiturore
805 3134 859 3165 nem
883 3119 909 3166 in
930 3136 954 3166 se
976 3120 1097 3168 continere
1114 3122 1166 3169 iure
1188 3121 1305 3168 videatur.

276 3205 382 3268 tumido,
397 3204 480 3252 Peleus
493 3201 655 3267 etTelephus,
670 3201 776 3267 hicpau·
809 3203 892 3250 Noster
912 3202 984 3251 Serm.
1000 3204 1025 3266 Ι,
1041 3208 1071 3252 10
1090 3205 1118 3253 de
1132 3207 1238 3254 Lucilio:
1256 3203 1308 3252 Nea

277 3310 334 3359 per,
355 3291 398 3339 ille
423 3289 504 3350 exsul,
524 3288 654 3353 loquuntur
676 3304 715 3335 ore
735 3287 779 3335 hu·
812 3295 893 3335 tamen
908 3289 950 3336 hoo
967 3291 1078 3338 tralucens
1096 3291 1203 3338 dederim
1219 3304 1309 3352 quoque

278 3377 338 3426 mili.
363 3376 406 3423 Hic
430 3375 547 3423 sententia
571 3374 679 3438 explicit.
713 3373 778 3421 Nihil
811 3381 907 3421 cetera:
928 3390 984 3422 nam
1004 3377 1043 3423 sie
1064 3376 1101 3422 Et
1118 3376 1208 3422 Laberi
1222 3376 1310 3422 mimos

278 3463 380 3529 amplius
401 3460 555 3512 desideratur.
581 3457 699 3524 Quidquid
712 3458 777 3507 adie·
809 3468 835 3507 et
854 3462 959 3523 paleira
972 3468 1087 3523 poemata
1102 3461 1188 3508 miror.
1215 3459 1259 3507 Ubi
1274 3460 1309 3508 ri·

279 3550 351 3610 ceris,
376 3558 411 3596 est
427 3562 605 3611 supervacuum.
628 3543 716 3592 Deinde
733 3544 777 3591 ali-
809 3544 850 3593 des
861 3547 980 3609 pulchra,
999 3556 1023 3592 et
1041 3546 1144 3592 sanetum
1160 3545 1223 3610 quod
1242 3545 1311 3594 Luci·

280 3645 368 3702 quanto
395 3633 450 3698 plus
470 3632 600 3697 requiritur
620 3628 709 3678 adeor
724 3646 778 3694 spe·
810 3630 843 3678 lio
862 3630 991 3693 tribuitur,
1017 3639 1042 3677 et
1062 3638 1143 3677 cetera
1156 3633 1233 3678 omnia
1250 3647 1312 3679 eom·

280 3722 387 3771 clateris
420 3719 584 3784 tongeadma,
614 3732 684 3782 Qum
716 3716 779 3781 quod
812 3715 967 3781 prehendere.
1003 3716 1075 3779 Epist.
1098 3715 1137 3777 ll,
1159 3729 1185 3778 1,
1205 3719 1244 3766 72.
1269 3717 1314 3765 sed

281 3806 376 3868 Peleus,
394 3821 485 3870 pauper
498 3814 522 3852 et
539 3802 606 3851 exsul
619 3818 726 3850 sermone
738 3818 779 3867 pe·
811 3803 939 3849 mndata
973 3801 1055 3847 videri
1087 3802 1254 3867 Pulchroque,
1287 3811 1313 3851 et

282 3891 356 3940 destri
384 3901 474 3940 utatur.
505 3889 530 3937 si
553 3891 606 3955 quis
632 3897 702 3953 putet
732 3904 782 3935 esse
815 3888 912 3935 eaoetis
931 3887 1061 3932 minimam
1080 3888 1206 3937 distantia
1226 3892 1312 3938 miror.

282 3975 476 4043 praeceptumde
490 3974 653 4023 convenientia
669 3975 781 4021 sermonis
814 3972 922 4036 Plerique
940 3987 961 4034 p
978 3973 1046 4019 aare
1062 3974 1097 4021 ita
1113 3976 1225 4023 duldlas
1242 3991 1313 4040 oppe-

284 4078 339 4110 eum
362 4072 426 4110 statu
454 4077 579 4125 personae,
604 4062 627 4107 ei
652 4057 781 4123 respondeo
815 4066 888 4117 nunt,
905 4066 933 4104 ut
952 4057 995 4105 illa
1011 4058 1058 4106 sint
1072 4060 1138 4122 alta,
1156 4061 1219 4109 elata
1235 4060 1314 4124 splen·

285 4146 330 4198 lroc
345 4148 541 4212 monsargi,
566 4156 590 4195 et
605 4144 728 4193 Horatium
750 4142 781 4189 il·
814 4140 876 4189 didis
896 4151 922 4189 et
942 4144 1073 4210 magnificis
1094 4145 1172 4193 verbis
1192 4144 1313 4194 miranda.
