<?xml version="1.0" encoding="UTF-8"?>
<!DOCTYPE html PUBLIC "-//W3C//DTD XHTML 1.0 Transitional//EN"
    "http://www.w3.org/TR/xhtml1/DTD/xhtml1-transitional.dtd">
<html xmlns="http://www.w3.org/1999/xhtml" xml:lang="en" lang="en">
 <head>
  <title>
</title>
<meta http-equiv="Content-Type" content="text/html;charset=utf-8" />
  <meta name='ocr-system' content='tesseract 3.04.00' />
  <meta name='ocr-capabilities' content='ocr_page ocr_carea ocr_par ocr_line ocrx_word'/>
</head>
<body>
  <div class='ocr_page' id='page_1' title='image "./qhoratiiflaccie00peergoog_0027.png"; bbox 0 0 3009 5000; ppageno 0'>
   <div class='ocr_carea' id='block_1_1' title="bbox 307 486 1062 552">
    <p class='ocr_par' dir='ltr' id='par_1_1' title="bbox 307 486 1062 552">
     <span class='ocr_line' id='line_1_1' title="bbox 307 486 1062 552; baseline 0.007 -5"><span class='ocrx_word' id='word_1_1' title='bbox 307 486 348 547; x_wconf 78' lang='grc'><strong>36</strong></span> <span class='ocrx_word' id='word_1_2' title='bbox 571 489 787 550; x_wconf 76' lang='lat' dir='ltr'><strong>IIORA&#39;III</strong></span> <span class='ocrx_word' id='word_1_3' title='bbox 817 490 1062 552; x_wconf 77' lang='lat' dir='ltr'><strong>EPISTULA</strong></span> 
     </span>
    </p>
   </div>
   <div class='ocr_carea' id='block_1_2' title="bbox 331 687 1372 789">
    <p class='ocr_par' dir='ltr' id='par_1_2' title="bbox 331 687 1372 789">
     <span class='ocr_line' id='line_1_2' title="bbox 331 687 1372 789; baseline 0.009 -31"><span class='ocrx_word' id='word_1_4' title='bbox 331 687 439 759; x_wconf 86' lang='lat' dir='ltr'><strong>Mults</strong></span> <span class='ocrx_word' id='word_1_5' title='bbox 460 696 691 780; x_wconf 83' lang='lat' dir='ltr'><strong>renascentur,</strong></span> <span class='ocrx_word' id='word_1_6' title='bbox 712 713 799 783; x_wconf 86' lang='lat' dir='ltr'><strong>quae</strong></span> <span class='ocrx_word' id='word_1_7' title='bbox 818 691 884 759; x_wconf 85' lang='lat' dir='ltr'><strong>iam</strong></span> <span class='ocrx_word' id='word_1_8' title='bbox 901 692 1065 780; x_wconf 71' lang='lat' dir='ltr'><strong>cecidere,</strong></span> <span class='ocrx_word' id='word_1_9' title='bbox 1086 693 1293 789; x_wconf 72' lang='lat' dir='ltr'><strong>cadentque,</strong></span> <span class='ocrx_word' id='word_1_10' title='bbox 1368 744 1372 748; x_wconf 83' lang='lat'><em>-</em></span> 
     </span>
    </p>
   </div>
   <div class='ocr_carea' id='block_1_3' title="bbox 292 909 1353 1579">
    <p class='ocr_par' dir='ltr' id='par_1_3' title="bbox 292 909 1353 1579">
     <span class='ocr_line' id='line_1_3' title="bbox 296 909 1327 982; baseline 0.004 -21"><span class='ocrx_word' id='word_1_11' title='bbox 296 913 374 978; x_wconf 76' lang='lat' dir='ltr'><strong>regis.</strong></span> <span class='ocrx_word' id='word_1_12' title='bbox 401 909 527 978; x_wconf 73' lang='lat' dir='ltr'><strong>Iulgdtum</strong></span> <span class='ocrx_word' id='word_1_13' title='bbox 550 911 611 962; x_wconf 79' lang='lat' dir='ltr'><strong>vidit</strong></span> <span class='ocrx_word' id='word_1_14' title='bbox 634 911 733 977; x_wconf 86' lang='lat' dir='ltr'><strong>Quintil.</strong></span> <span class='ocrx_word' id='word_1_15' title='bbox 755 914 793 960; x_wconf 88' lang='lat' dir='ltr'><strong>ln-</strong></span> <span class='ocrx_word' id='word_1_16' title='bbox 825 914 896 978; x_wconf 77' lang='lat' dir='ltr'><strong>sent),</strong></span> <span class='ocrx_word' id='word_1_17' title='bbox 911 917 945 963; x_wconf 92' lang='lat' dir='ltr'><strong>ita</strong></span> <span class='ocrx_word' id='word_1_18' title='bbox 959 925 1036 963; x_wconf 86' lang='lat' dir='ltr'><strong>tamen</strong></span> <span class='ocrx_word' id='word_1_19' title='bbox 1049 916 1327 982; x_wconf 81' lang='lat' dir='ltr'><strong>invulgatisserureae·</strong></span> 
     </span>
     <span class='ocr_line' id='line_1_4' title="bbox 296 997 1325 1067; baseline 0.003 -21"><span class='ocrx_word' id='word_1_20' title='bbox 296 1000 347 1047; x_wconf 84' lang='lat' dir='ltr'><strong>stit.</strong></span> <span class='ocrx_word' id='word_1_21' title='bbox 369 997 431 1047; x_wconf 87' lang='lat' dir='ltr'><strong>Orat.</strong></span> <span class='ocrx_word' id='word_1_22' title='bbox 453 1000 518 1061; x_wconf 79' lang='lat' dir='ltr'><strong>vlu,</strong></span> <span class='ocrx_word' id='word_1_23' title='bbox 543 1013 580 1061; x_wconf 83' lang='lat' dir='ltr'><strong>vr,</strong></span> <span class='ocrx_word' id='word_1_24' title='bbox 602 1000 641 1046; x_wconf 67' lang='lat'><strong>23.</strong></span> <span class='ocrx_word' id='word_1_25' title='bbox 673 999 796 1061; x_wconf 72' lang='lat' dir='ltr'><strong>Receptus</strong></span> <span class='ocrx_word' id='word_1_26' title='bbox 825 1002 944 1064; x_wconf 75' lang='lat' dir='ltr'><strong>quiescere</strong></span> <span class='ocrx_word' id='word_1_27' title='bbox 953 1018 999 1051; x_wconf 89' lang='lat' dir='ltr'><strong>non</strong></span> <span class='ocrx_word' id='word_1_28' title='bbox 1016 1019 1116 1065; x_wconf 89' lang='lat' dir='ltr'><strong>possum.</strong></span> <span class='ocrx_word' id='word_1_29' title='bbox 1128 1005 1274 1067; x_wconf 86' lang='lat' dir='ltr'><strong>Quapropter</strong></span> <span class='ocrx_word' id='word_1_30' title='bbox 1284 1019 1325 1067; x_wconf 84' lang='lat' dir='ltr'><strong>pro</strong></span> 
     </span>
     <span class='ocr_line' id='line_1_5' title="bbox 295 1078 1327 1150; baseline 0.003 -17"><span class='ocrx_word' id='word_1_31' title='bbox 295 1082 359 1133; x_wconf 85' lang='lat' dir='ltr'><strong>idem</strong></span> <span class='ocrx_word' id='word_1_32' title='bbox 373 1094 422 1147; x_wconf 88' lang='lat' dir='ltr'><strong>est,</strong></span> <span class='ocrx_word' id='word_1_33' title='bbox 436 1084 498 1150; x_wconf 89' lang='lat' dir='ltr'><strong>quod</strong></span> <span class='ocrx_word' id='word_1_34' title='bbox 512 1085 554 1133; x_wconf 88' lang='lat' dir='ltr'><strong>alii</strong></span> <span class='ocrx_word' id='word_1_35' title='bbox 562 1084 644 1132; x_wconf 73' lang='lat' dir='ltr'><strong>dirum</strong></span> <span class='ocrx_word' id='word_1_36' title='bbox 656 1086 792 1133; x_wconf 77' lang='lat' dir='ltr'><strong>e&#39;rnrne&#39;ssus.</strong></span> <span class='ocrx_word' id='word_1_37' title='bbox 826 1086 908 1133; x_wconf 79' lang='lat' dir='ltr'><strong>REGIS</strong></span> <span class='ocrx_word' id='word_1_38' title='bbox 927 1078 1076 1135; x_wconf 75' lang='lat' dir='ltr'><strong>seribendunr</strong></span> <span class='ocrx_word' id='word_1_39' title='bbox 1100 1087 1201 1136; x_wconf 79' lang='lat' dir='ltr'>arbitror</span> <span class='ocrx_word' id='word_1_40' title='bbox 1220 1089 1256 1136; x_wconf 87' lang='lat' dir='ltr'><strong>vel</strong></span> <span class='ocrx_word' id='word_1_41' title='bbox 1278 1090 1327 1136; x_wconf 86' lang='lat' dir='ltr'><strong>RE-</strong></span> 
     </span>
     <span class='ocr_line' id='line_1_6' title="bbox 294 1168 1326 1238; baseline 0.003 -20"><span class='ocrx_word' id='word_1_42' title='bbox 294 1169 341 1220; x_wconf 83' lang='lat' dir='ltr'><strong>Res</strong></span> <span class='ocrx_word' id='word_1_43' title='bbox 362 1180 418 1231; x_wconf 78' lang='lat' dir='ltr'><strong>nota</strong></span> <span class='ocrx_word' id='word_1_44' title='bbox 433 1170 462 1218; x_wconf 88' lang='lat' dir='ltr'><strong>de</strong></span> <span class='ocrx_word' id='word_1_45' title='bbox 478 1172 563 1221; x_wconf 85' lang='lat' dir='ltr'>Xerxe.</span> <span class='ocrx_word' id='word_1_46' title='bbox 589 1168 644 1217; x_wconf 78' lang='lat' dir='ltr'><strong>Vide</strong></span> <span class='ocrx_word' id='word_1_47' title='bbox 666 1170 744 1218; x_wconf 87' lang='lat' dir='ltr'><strong>Burm.</strong></span> <span class='ocrx_word' id='word_1_48' title='bbox 762 1170 793 1219; x_wconf 89' lang='lat' dir='ltr'><strong>ad</strong></span> <span class='ocrx_word' id='word_1_49' title='bbox 824 1172 894 1219; x_wconf 77' lang='lat' dir='ltr'><strong>Gltrt</strong></span> <span class='ocrx_word' id='word_1_50' title='bbox 910 1173 947 1220; x_wconf 86' lang='lat' dir='ltr'><strong>vel</strong></span> <span class='ocrx_word' id='word_1_51' title='bbox 966 1173 1056 1220; x_wconf 76' lang='lat' dir='ltr'><strong>tuuis.</strong></span> <span class='ocrx_word' id='word_1_52' title='bbox 1078 1175 1183 1238; x_wconf 76' lang='lat' dir='ltr'><strong>Regirrrn</strong></span> <span class='ocrx_word' id='word_1_53' title='bbox 1203 1190 1261 1237; x_wconf 83' lang='lat' dir='ltr'><strong>opus</strong></span> <span class='ocrx_word' id='word_1_54' title='bbox 1278 1175 1326 1221; x_wconf 85' lang='lat' dir='ltr'><strong>for-</strong></span> 
     </span>
     <span class='ocr_line' id='line_1_7' title="bbox 292 1257 1326 1323; baseline 0.002 -18"><span class='ocrx_word' id='word_1_55' title='bbox 292 1257 428 1305; x_wconf 73' lang='lat' dir='ltr'><strong>turholt.</strong></span> <span class='ocrx_word' id='word_1_56' title='bbox 443 1258 535 1320; x_wconf 81' lang='lat' dir='ltr'><strong>I,pag.</strong></span> <span class='ocrx_word' id='word_1_57' title='bbox 550 1257 604 1303; x_wconf 80' lang='lat'><strong>191.</strong></span> <span class='ocrx_word' id='word_1_58' title='bbox 824 1266 884 1304; x_wconf 85' lang='lat' dir='ltr'><strong>tasse</strong></span> <span class='ocrx_word' id='word_1_59' title='bbox 907 1259 1038 1323; x_wconf 81' lang='lat' dir='ltr'><strong>signissosre</strong></span> <span class='ocrx_word' id='word_1_60' title='bbox 1061 1260 1139 1322; x_wconf 88' lang='lat' dir='ltr'><strong>potuit</strong></span> <span class='ocrx_word' id='word_1_61' title='bbox 1160 1261 1256 1323; x_wconf 80' lang='lat' dir='ltr'><strong>regale,</strong></span> <span class='ocrx_word' id='word_1_62' title='bbox 1280 1257 1326 1308; x_wconf 86' lang='lat' dir='ltr'><strong>hoe</strong></span> 
     </span>
     <span class='ocr_line' id='line_1_8' title="bbox 306 1329 1326 1408; baseline 0.001 -18"><span class='ocrx_word' id='word_1_63' title='bbox 306 1343 405 1407; x_wconf 72' lang='lat' dir='ltr'><strong>&#39;Regis</strong></span> <span class='ocrx_word' id='word_1_64' title='bbox 421 1357 486 1404; x_wconf 84' lang='lat' dir='ltr'><strong>epus.</strong></span> <span class='ocrx_word' id='word_1_65' title='bbox 511 1341 609 1390; x_wconf 86' lang='lat' dir='ltr'><strong>Romani</strong></span> <span class='ocrx_word' id='word_1_66' title='bbox 630 1351 682 1406; x_wconf 88' lang='lat' dir='ltr'><strong>post</strong></span> <span class='ocrx_word' id='word_1_67' title='bbox 697 1329 793 1406; x_wconf 81' lang='lat' dir='ltr'><strong>Tarqui-</strong></span> <span class='ocrx_word' id='word_1_68' title='bbox 826 1352 861 1389; x_wconf 89' lang='lat' dir='ltr'><strong>est</strong></span> <span class='ocrx_word' id='word_1_69' title='bbox 875 1360 930 1406; x_wconf 76' lang='lat' dir='ltr'><strong>rege</strong></span> <span class='ocrx_word' id='word_1_70' title='bbox 945 1342 1048 1408; x_wconf 85' lang='lat' dir='ltr'><strong>dignum.</strong></span> <span class='ocrx_word' id='word_1_71' title='bbox 1073 1343 1216 1408; x_wconf 78' lang='lat' dir='ltr'><strong>Quamquam</strong></span> <span class='ocrx_word' id='word_1_72' title='bbox 1234 1354 1326 1392; x_wconf 87' lang='lat' dir='ltr'><strong>veteres</strong></span> 
     </span>
     <span class='ocr_line' id='line_1_9' title="bbox 293 1424 1326 1493; baseline 0.001 -17"><span class='ocrx_word' id='word_1_73' title='bbox 293 1429 359 1476; x_wconf 84' lang='lat' dir='ltr'><strong>nium</strong></span> <span class='ocrx_word' id='word_1_74' title='bbox 377 1424 508 1492; x_wconf 88' lang='lat' dir='ltr'><strong>Superbum</strong></span> <span class='ocrx_word' id='word_1_75' title='bbox 530 1428 653 1474; x_wconf 88' lang='lat' dir='ltr'><strong>anomine</strong></span> <span class='ocrx_word' id='word_1_76' title='bbox 671 1428 745 1491; x_wconf 80' lang='lat' dir='ltr'><strong>regni</strong></span> <span class='ocrx_word' id='word_1_77' title='bbox 767 1437 792 1474; x_wconf 90' lang='lat' dir='ltr'><strong>et</strong></span> <span class='ocrx_word' id='word_1_78' title='bbox 823 1428 973 1475; x_wconf 78' lang='lat' dir='ltr'><strong>Grammatiri</strong></span> <span class='ocrx_word' id='word_1_79' title='bbox 993 1431 1057 1476; x_wconf 87' lang='lat' dir='ltr'><strong>inter</strong></span> <span class='ocrx_word' id='word_1_80' title='bbox 1081 1439 1208 1493; x_wconf 88' lang='lat' dir='ltr'><strong>utrumque</strong></span> <span class='ocrx_word' id='word_1_81' title='bbox 1228 1429 1326 1477; x_wconf 78' lang='lat' dir='ltr'><strong>adieeti-</strong></span> 
     </span>
     <span class='ocr_line' id='line_1_10' title="bbox 292 1510 1353 1579; baseline 0.003 -19"><span class='ocrx_word' id='word_1_82' title='bbox 292 1513 361 1577; x_wconf 71' lang='lat' dir='ltr'><strong>regr&#39;s</strong></span> <span class='ocrx_word' id='word_1_83' title='bbox 379 1511 594 1560; x_wconf 51' lang='lat' dir='ltr'><strong>&#39;&#39;vehementissIme</strong></span> <span class='ocrx_word' id='word_1_84' title='bbox 620 1510 787 1561; x_wconf 75' lang='lat' dir='ltr'><strong>abhorrebant.</strong></span> <span class='ocrx_word' id='word_1_85' title='bbox 822 1530 876 1560; x_wconf 88' lang='lat' dir='ltr'><strong>vum</strong></span> <span class='ocrx_word' id='word_1_86' title='bbox 899 1512 1070 1562; x_wconf 70' lang='lat' dir='ltr'><strong>discernebant.</strong></span> <span class='ocrx_word' id='word_1_87' title='bbox 1097 1514 1121 1562; x_wconf 91' lang='lat' dir='ltr'><strong>Si</strong></span> <span class='ocrx_word' id='word_1_88' title='bbox 1140 1517 1190 1578; x_wconf 90' lang='lat' dir='ltr'><strong>ipsa</strong></span> <span class='ocrx_word' id='word_1_89' title='bbox 1210 1515 1325 1579; x_wconf 76' lang='lat' dir='ltr'><strong>Sripionm</strong></span> <span class='ocrx_word' id='word_1_90' title='bbox 1346 1550 1353 1555; x_wconf 94' lang='lat'>-</span> 
     </span>
    </p>
   </div>
   <div class='ocr_carea' id='block_1_4' title="bbox 291 1596 1401 1666">
    <p class='ocr_par' dir='ltr' id='par_1_4' title="bbox 291 1596 1401 1666">
     <span class='ocr_line' id='line_1_11' title="bbox 291 1596 1401 1666; baseline 0.003 -20"><span class='ocrx_word' id='word_1_91' title='bbox 291 1596 431 1646; x_wconf 75' lang='lat' dir='ltr'><strong>Plutarchus</strong></span> <span class='ocrx_word' id='word_1_92' title='bbox 453 1600 480 1646; x_wconf 89' lang='lat' dir='ltr'><strong>in</strong></span> <span class='ocrx_word' id='word_1_93' title='bbox 504 1600 604 1646; x_wconf 82' lang='lat' dir='ltr'><strong>Antonin</strong></span> <span class='ocrx_word' id='word_1_94' title='bbox 627 1602 670 1660; x_wconf 77' lang='lat'><strong>12,</strong></span> <span class='ocrx_word' id='word_1_95' title='bbox 702 1601 788 1646; x_wconf 86' lang='lat' dir='ltr'><strong>mirum</strong></span> <span class='ocrx_word' id='word_1_96' title='bbox 821 1597 892 1646; x_wconf 82' lang='lat' dir='ltr'><strong>verbs</strong></span> <span class='ocrx_word' id='word_1_97' title='bbox 908 1600 991 1647; x_wconf 78' lang='lat' dir='ltr'><strong>latina</strong></span> <span class='ocrx_word' id='word_1_98' title='bbox 1014 1602 1111 1661; x_wconf 77' lang='lat' dir='ltr'><strong>scirem,</strong></span> <span class='ocrx_word' id='word_1_99' title='bbox 1135 1616 1194 1664; x_wconf 87' lang='lat' dir='ltr'><strong>qnae</strong></span> <span class='ocrx_word' id='word_1_100' title='bbox 1213 1598 1324 1666; x_wconf 75' lang='lat' dir='ltr'><strong>Polybius</strong></span> <span class='ocrx_word' id='word_1_101' title='bbox 1398 1601 1401 1609; x_wconf 81' lang='grc'><em>’</em></span> 
     </span>
    </p>
   </div>
   <div class='ocr_carea' id='block_1_5' title="bbox 274 1682 1343 4238">
    <p class='ocr_par' dir='ltr' id='par_1_5' title="bbox 274 1682 1343 4238">
     <span class='ocr_line' id='line_1_12' title="bbox 291 1682 1322 1749; baseline 0 -16"><span class='ocrx_word' id='word_1_102' title='bbox 291 1683 362 1747; x_wconf 75' lang='lat' dir='ltr'><strong>dicit,</strong></span> <span class='ocrx_word' id='word_1_103' title='bbox 379 1682 442 1749; x_wconf 86' lang='lat' dir='ltr'><strong>quod</strong></span> <span class='ocrx_word' id='word_1_104' title='bbox 462 1683 560 1731; x_wconf 81' lang='lat' dir='ltr'><strong>Romani</strong></span> <span class='ocrx_word' id='word_1_105' title='bbox 576 1691 632 1739; x_wconf 81' lang='grc' dir='ltr'><em>τοῖς</em></span> <span class='ocrx_word' id='word_1_106' title='bbox 650 1682 735 1749; x_wconf 69' lang='grc' dir='ltr'><em>ἔργοις</em></span> <span class='ocrx_word' id='word_1_107' title='bbox 752 1687 788 1732; x_wconf 87' lang='grc' dir='ltr'><strong>τὰ</strong></span> <span class='ocrx_word' id='word_1_108' title='bbox 821 1685 906 1731; x_wconf 73' lang='lat' dir='ltr'><strong>Graece</strong></span> <span class='ocrx_word' id='word_1_109' title='bbox 930 1685 1013 1732; x_wconf 89' lang='lat' dir='ltr'><strong>retulit</strong></span> <span class='ocrx_word' id='word_1_110' title='bbox 1029 1686 1063 1746; x_wconf 86' lang='lat' dir='ltr'><strong>II,</strong></span> <span class='ocrx_word' id='word_1_111' title='bbox 1082 1687 1128 1747; x_wconf 81' lang='lat'><strong>40,</strong></span> <span class='ocrx_word' id='word_1_112' title='bbox 1145 1686 1234 1732; x_wconf 73' lang='lat' dir='ltr'><strong>certius</strong></span> <span class='ocrx_word' id='word_1_113' title='bbox 1251 1684 1280 1732; x_wconf 90' lang='lat' dir='ltr'><strong>de</strong></span> <span class='ocrx_word' id='word_1_114' title='bbox 1296 1702 1322 1733; x_wconf 87' lang='lat' dir='ltr'><strong>re</strong></span> 
     </span>
     <span class='ocr_line' id='line_1_13' title="bbox 290 1768 1323 1835; baseline 0 -17"><span class='ocrx_word' id='word_1_115' title='bbox 290 1770 345 1819; x_wconf 81' lang='grc' dir='ltr'><strong>τῶν</strong></span> <span class='ocrx_word' id='word_1_116' title='bbox 371 1768 568 1830; x_wconf 72' lang='grc' dir='ltr'><strong>βασιλευόντων</strong></span> <span class='ocrx_word' id='word_1_117' title='bbox 597 1769 789 1829; x_wconf 67' lang='grc' dir='ltr'><strong>ὑπομένοντες,</strong></span> <span class='ocrx_word' id='word_1_118' title='bbox 807 1772 868 1832; x_wconf 53' lang='grc' dir='ltr'><strong>ἱἰεῖει</strong></span> <span class='ocrx_word' id='word_1_119' title='bbox 888 1780 1023 1818; x_wconf 82' lang='lat' dir='ltr'><strong>statuerem.</strong></span> <span class='ocrx_word' id='word_1_120' title='bbox 1044 1770 1121 1835; x_wconf 70' lang='lat' dir='ltr'><strong>Scipio</strong></span> <span class='ocrx_word' id='word_1_121' title='bbox 1131 1770 1241 1818; x_wconf 72' lang='lat' dir='ltr'><strong>dicebat:</strong></span> <span class='ocrx_word' id='word_1_122' title='bbox 1260 1771 1323 1818; x_wconf 85' lang='lat' dir='ltr'><strong>Bu-</strong></span> 
     </span>
     <span class='ocr_line' id='line_1_14' title="bbox 289 1843 1323 1916; baseline 0 -11"><span class='ocrx_word' id='word_1_123' title='bbox 289 1856 474 1915; x_wconf 69' lang='lat' dir='ltr'><strong>retorperet</strong></span> <span class='ocrx_word' id='word_1_124' title='bbox 493 1855 633 1915; x_wconf 63' lang='grc' dir='ltr'><strong>βασιλέως,</strong></span> <span class='ocrx_word' id='word_1_125' title='bbox 661 1855 790 1911; x_wconf 69' lang='lat' dir='ltr'><strong>deuterol—</strong></span> <span class='ocrx_word' id='word_1_126' title='bbox 824 1856 921 1912; x_wconf 73' lang='grc' dir='ltr'><strong><em>σιλικὸς</em></strong></span> <span class='ocrx_word' id='word_1_127' title='bbox 948 1853 996 1915; x_wconf 73' lang='grc' dir='ltr'><strong>μὲν</strong></span> <span class='ocrx_word' id='word_1_128' title='bbox 1021 1856 1177 1916; x_wconf 62' lang='grc' dir='ltr'><em>βούλεσθαι</em></span> <span class='ocrx_word' id='word_1_129' title='bbox 1204 1858 1249 1905; x_wconf 80' lang='grc' dir='ltr'><strong>καὶ</strong></span> <span class='ocrx_word' id='word_1_130' title='bbox 1276 1843 1323 1905; x_wconf 66' lang='lat' dir='ltr'><strong>II-</strong></span> 
     </span>
     <span class='ocr_line' id='line_1_15' title="bbox 289 1940 1324 2008; baseline 0 -17"><span class='ocrx_word' id='word_1_131' title='bbox 289 1942 363 1992; x_wconf 73' lang='lat' dir='ltr'><strong>tomo</strong></span> <span class='ocrx_word' id='word_1_132' title='bbox 384 1947 433 2007; x_wconf 79' lang='grc' dir='ltr'><strong>τῆς</strong></span> <span class='ocrx_word' id='word_1_133' title='bbox 457 1941 629 2008; x_wconf 65' lang='grc' dir='ltr'><strong>ἓλευθιρὺτις,</strong></span> <span class='ocrx_word' id='word_1_134' title='bbox 662 1940 782 2003; x_wconf 73' lang='lat' dir='ltr'><strong>l&#39;nrryor.</strong></span> <span class='ocrx_word' id='word_1_135' title='bbox 818 1944 917 2004; x_wconf 65' lang='lat' dir='ltr'><strong>produn</strong></span> <span class='ocrx_word' id='word_1_136' title='bbox 935 1945 1008 2005; x_wconf 76' lang='grc' dir='ltr'><strong><em>παρὰ</em></strong></span> <span class='ocrx_word' id='word_1_137' title='bbox 1021 1946 1099 2000; x_wconf 74' lang='grc' dir='ltr'><strong>πᾶσι,</strong></span> <span class='ocrx_word' id='word_1_138' title='bbox 1122 1945 1166 1991; x_wconf 79' lang='grc' dir='ltr'><strong>καὶ</strong></span> <span class='ocrx_word' id='word_1_139' title='bbox 1178 1951 1238 2000; x_wconf 78' lang='grc' dir='ltr'><strong>ταῖς</strong></span> <span class='ocrx_word' id='word_1_140' title='bbox 1254 1944 1324 2008; x_wconf 78' lang='grc' dir='ltr'><strong>ἀλη-</strong></span> 
     </span>
     <span class='ocr_line' id='line_1_16' title="bbox 287 2026 1321 2094; baseline 0.004 -18"><span class='ocrx_word' id='word_1_141' title='bbox 287 2027 352 2076; x_wconf 87' lang='lat' dir='ltr'><strong>Illud</strong></span> <span class='ocrx_word' id='word_1_142' title='bbox 375 2045 463 2077; x_wconf 86' lang='lat' dir='ltr'><strong>nomen</strong></span> <span class='ocrx_word' id='word_1_143' title='bbox 483 2030 572 2076; x_wconf 88' lang='lat' dir='ltr'><strong>nemini</strong></span> <span class='ocrx_word' id='word_1_144' title='bbox 593 2029 702 2074; x_wconf 84' lang='lat' dir='ltr'><strong>maiorem</strong></span> <span class='ocrx_word' id='word_1_145' title='bbox 727 2029 787 2074; x_wconf 83' lang='lat' dir='ltr'><strong>invi·</strong></span> <span class='ocrx_word' id='word_1_146' title='bbox 821 2029 911 2083; x_wconf 72' lang='grc' dir='ltr'><strong>θείαις</strong></span> <span class='ocrx_word' id='word_1_147' title='bbox 947 2026 1089 2091; x_wconf 69' lang='grc' dir='ltr'><em>ὑπάρχειν.</em></span> <span class='ocrx_word' id='word_1_148' title='bbox 1129 2030 1258 2088; x_wconf 69' lang='grc' dir='ltr'><strong>βασιλείς</strong></span> <span class='ocrx_word' id='word_1_149' title='bbox 1289 2048 1321 2094; x_wconf 74' lang='grc' dir='ltr'><strong>γε</strong></span> 
     </span>
     <span class='ocr_line' id='line_1_17' title="bbox 288 2106 1319 2178; baseline 0.004 -17"><span class='ocrx_word' id='word_1_150' title='bbox 288 2113 350 2162; x_wconf 82' lang='lat' dir='ltr'><strong>dium</strong></span> <span class='ocrx_word' id='word_1_151' title='bbox 372 2114 496 2162; x_wconf 75' lang='lat' dir='ltr'><strong>conciliare</strong></span> <span class='ocrx_word' id='word_1_152' title='bbox 519 2122 628 2178; x_wconf 89' lang='lat' dir='ltr'><strong>poterat,</strong></span> <span class='ocrx_word' id='word_1_153' title='bbox 650 2129 720 2177; x_wconf 88' lang='lat' dir='ltr'><strong>quam</strong></span> <span class='ocrx_word' id='word_1_154' title='bbox 741 2114 788 2160; x_wconf 71' lang='lat' dir='ltr'><strong>Au·</strong></span> <span class='ocrx_word' id='word_1_155' title='bbox 821 2117 874 2177; x_wconf 78' lang='grc' dir='ltr'><strong>μὴν</strong></span> <span class='ocrx_word' id='word_1_156' title='bbox 909 2112 972 2161; x_wconf 65' lang='grc' dir='ltr'><strong>οὔτε</strong></span> <span class='ocrx_word' id='word_1_157' title='bbox 1000 2113 1104 2162; x_wconf 70' lang='grc' dir='ltr'><strong>ἐθέλειν</strong></span> <span class='ocrx_word' id='word_1_158' title='bbox 1135 2106 1221 2172; x_wconf 69' lang='grc' dir='ltr'><strong>εἶναι,</strong></span> <span class='ocrx_word' id='word_1_159' title='bbox 1256 2116 1319 2166; x_wconf 75' lang='grc' dir='ltr'><strong>οὔτε</strong></span> 
     </span>
     <span class='ocr_line' id='line_1_18' title="bbox 287 2197 1321 2265; baseline 0.002 -18"><span class='ocrx_word' id='word_1_160' title='bbox 287 2209 370 2265; x_wconf 81' lang='lat' dir='ltr'><strong>gustu,</strong></span> <span class='ocrx_word' id='word_1_161' title='bbox 397 2198 448 2261; x_wconf 92' lang='lat' dir='ltr'><strong>illi,</strong></span> <span class='ocrx_word' id='word_1_162' title='bbox 476 2202 517 2264; x_wconf 89' lang='lat' dir='ltr'><strong>qui</strong></span> <span class='ocrx_word' id='word_1_163' title='bbox 539 2197 675 2246; x_wconf 87' lang='lat' dir='ltr'><strong>libertatem</strong></span> <span class='ocrx_word' id='word_1_164' title='bbox 704 2216 784 2246; x_wconf 86' lang='lat' dir='ltr'><strong>revera</strong></span> <span class='ocrx_word' id='word_1_165' title='bbox 819 2197 948 2260; x_wconf 70' lang='grc' dir='ltr'><strong>λέγεσθαι</strong></span> <span class='ocrx_word' id='word_1_166' title='bbox 966 2197 1029 2264; x_wconf 80' lang='lat' dir='ltr'><strong>rrrrp’</strong></span> <span class='ocrx_word' id='word_1_167' title='bbox 1044 2199 1147 2248; x_wconf 61' lang='lat' dir='ltr'><strong>ordeni.</strong></span> <span class='ocrx_word' id='word_1_168' title='bbox 1171 2202 1228 2249; x_wconf 87' lang='lat' dir='ltr'><strong>Usus</strong></span> <span class='ocrx_word' id='word_1_169' title='bbox 1242 2211 1321 2250; x_wconf 86' lang='lat' dir='ltr'><strong>tamen</strong></span> 
     </span>
     <span class='ocr_line' id='line_1_19' title="bbox 286 2283 1319 2351; baseline 0 -17"><span class='ocrx_word' id='word_1_170' title='bbox 286 2295 451 2351; x_wconf 75' lang='lat' dir='ltr'><strong>oppresserat,</strong></span> <span class='ocrx_word' id='word_1_171' title='bbox 469 2285 509 2333; x_wconf 82' lang='lat' dir='ltr'><strong>sed</strong></span> <span class='ocrx_word' id='word_1_172' title='bbox 524 2283 630 2332; x_wconf 87' lang='lat' dir='ltr'><strong>umbram</strong></span> <span class='ocrx_word' id='word_1_173' title='bbox 648 2294 672 2331; x_wconf 90' lang='lat' dir='ltr'><strong>et</strong></span> <span class='ocrx_word' id='word_1_174' title='bbox 686 2286 788 2349; x_wconf 83' lang='lat' dir='ltr'><strong>speeiem</strong></span> <span class='ocrx_word' id='word_1_175' title='bbox 822 2285 903 2332; x_wconf 81' lang='lat' dir='ltr'><strong>fuisse.</strong></span> <span class='ocrx_word' id='word_1_176' title='bbox 934 2284 1028 2332; x_wconf 87' lang='lat' dir='ltr'><strong>videtur</strong></span> <span class='ocrx_word' id='word_1_177' title='bbox 1060 2286 1175 2334; x_wconf 76' lang='lat' dir='ltr'><strong>adieetivo</strong></span> <span class='ocrx_word' id='word_1_178' title='bbox 1207 2289 1319 2351; x_wconf 74' lang='lat' dir='ltr'><strong>regulis,</strong></span> 
     </span>
     <span class='ocr_line' id='line_1_20' title="bbox 287 2369 1318 2436; baseline 0 -15"><span class='ocrx_word' id='word_1_179' title='bbox 287 2370 465 2436; x_wconf 78' lang='lat' dir='ltr'><strong>diligentissime</strong></span> <span class='ocrx_word' id='word_1_180' title='bbox 486 2370 601 2419; x_wconf 84' lang='lat' dir='ltr'><strong>servabat.</strong></span> <span class='ocrx_word' id='word_1_181' title='bbox 619 2372 709 2433; x_wconf 85' lang='lat' dir='ltr'><strong>Quare,</strong></span> <span class='ocrx_word' id='word_1_182' title='bbox 725 2380 785 2417; x_wconf 85' lang='lat' dir='ltr'><strong>teste</strong></span> <span class='ocrx_word' id='word_1_183' title='bbox 818 2369 881 2435; x_wconf 89' lang='lat' dir='ltr'><strong>quod</strong></span> <span class='ocrx_word' id='word_1_184' title='bbox 901 2372 982 2418; x_wconf 76' lang='lat' dir='ltr'><strong>livius</strong></span> <span class='ocrx_word' id='word_1_185' title='bbox 1008 2372 1104 2434; x_wconf 73' lang='lat' dir='ltr'><strong>XXIII,</strong></span> <span class='ocrx_word' id='word_1_186' title='bbox 1136 2375 1178 2435; x_wconf 84' lang='grc'><strong>19,</strong></span> <span class='ocrx_word' id='word_1_187' title='bbox 1203 2372 1318 2421; x_wconf 82' lang='lat' dir='ltr'><strong>ostendit:</strong></span> 
     </span>
     <span class='ocr_line' id='line_1_21' title="bbox 285 2456 1321 2522; baseline 0.001 -16"><span class='ocrx_word' id='word_1_188' title='bbox 285 2457 397 2506; x_wconf 84' lang='lat' dir='ltr'><strong>Suetonio</strong></span> <span class='ocrx_word' id='word_1_189' title='bbox 414 2474 464 2522; x_wconf 85' lang='lat' dir='ltr'><strong>rap.</strong></span> <span class='ocrx_word' id='word_1_190' title='bbox 482 2459 531 2518; x_wconf 73' lang='grc'><strong>53,</strong></span> <span class='ocrx_word' id='word_1_191' title='bbox 556 2457 679 2505; x_wconf 83' lang='lat' dir='ltr'><strong>dominnm</strong></span> <span class='ocrx_word' id='word_1_192' title='bbox 695 2471 721 2503; x_wconf 91' lang='lat' dir='ltr'><strong>se</strong></span> <span class='ocrx_word' id='word_1_193' title='bbox 742 2471 785 2519; x_wconf 82' lang='lat' dir='ltr'><strong>ap·</strong></span> <span class='ocrx_word' id='word_1_194' title='bbox 818 2456 875 2503; x_wconf 77' lang='lat' dir='ltr'><strong>Stet</strong></span> <span class='ocrx_word' id='word_1_195' title='bbox 897 2457 1032 2503; x_wconf 66' lang='lat' dir='ltr'><strong>maximnm</strong></span> <span class='ocrx_word' id='word_1_196' title='bbox 1055 2473 1139 2504; x_wconf 85' lang='lat' dir='ltr'><strong>nernen</strong></span> <span class='ocrx_word' id='word_1_197' title='bbox 1161 2460 1321 2521; x_wconf 61' lang='lat' dir='ltr'><strong>imperatores</strong></span> 
     </span>
     <span class='ocr_line' id='line_1_22' title="bbox 280 2542 1321 2609; baseline 0 -18"><span class='ocrx_word' id='word_1_198' title='bbox 280 2545 376 2609; x_wconf 68' lang='lat' dir='ltr'><strong>pellaei</strong></span> <span class='ocrx_word' id='word_1_199' title='bbox 389 2559 418 2590; x_wconf 85' lang='lat' dir='ltr'><strong>ne</strong></span> <span class='ocrx_word' id='word_1_200' title='bbox 439 2559 454 2590; x_wconf 88' lang='lat' dir='ltr'><strong><em>a</em></strong></span> <span class='ocrx_word' id='word_1_201' title='bbox 471 2543 559 2590; x_wconf 78' lang='lat' dir='ltr'><strong>liberis</strong></span> <span class='ocrx_word' id='word_1_202' title='bbox 574 2542 671 2603; x_wconf 79' lang='lat' dir='ltr'><strong>quidem</strong></span> <span class='ocrx_word' id='word_1_203' title='bbox 686 2547 732 2587; x_wconf 85' lang='lat' dir='ltr'><strong>ant</strong></span> <span class='ocrx_word' id='word_1_204' title='bbox 745 2555 785 2587; x_wconf 88' lang='lat' dir='ltr'><strong>ne·</strong></span> <span class='ocrx_word' id='word_1_205' title='bbox 818 2556 883 2602; x_wconf 83' lang='lat' dir='ltr'><strong>esse,</strong></span> <span class='ocrx_word' id='word_1_206' title='bbox 909 2556 954 2602; x_wconf 83' lang='lat' dir='ltr'><strong>qno</strong></span> <span class='ocrx_word' id='word_1_207' title='bbox 975 2556 1001 2587; x_wconf 87' lang='lat' dir='ltr'><strong>se</strong></span> <span class='ocrx_word' id='word_1_208' title='bbox 1025 2542 1123 2588; x_wconf 80' lang='lat' dir='ltr'><strong>milites</strong></span> <span class='ocrx_word' id='word_1_209' title='bbox 1141 2544 1183 2589; x_wconf 80' lang='lat' dir='ltr'><strong>sni</strong></span> <span class='ocrx_word' id='word_1_210' title='bbox 1200 2546 1321 2607; x_wconf 82' lang='lat' dir='ltr'><strong>appellor·</strong></span> 
     </span>
     <span class='ocr_line' id='line_1_23' title="bbox 279 2627 1317 2695; baseline 0.001 -18"><span class='ocrx_word' id='word_1_211' title='bbox 279 2631 383 2695; x_wconf 82' lang='lat' dir='ltr'><strong>potibus</strong></span> <span class='ocrx_word' id='word_1_212' title='bbox 393 2631 461 2690; x_wconf 70' lang='lat' dir='ltr'><strong>suis,</strong></span> <span class='ocrx_word' id='word_1_213' title='bbox 480 2629 520 2675; x_wconf 84' lang='lat' dir='ltr'><strong>vel</strong></span> <span class='ocrx_word' id='word_1_214' title='bbox 531 2628 596 2674; x_wconf 67' lang='lat' dir='ltr'><strong>serto</strong></span> <span class='ocrx_word' id='word_1_215' title='bbox 609 2628 649 2674; x_wconf 80' lang='lat' dir='ltr'><strong>oet</strong></span> <span class='ocrx_word' id='word_1_216' title='bbox 664 2628 714 2674; x_wconf 77' lang='lat' dir='ltr'><strong>ioco</strong></span> <span class='ocrx_word' id='word_1_217' title='bbox 724 2642 785 2689; x_wconf 82' lang='lat' dir='ltr'><strong>pas·</strong></span> <span class='ocrx_word' id='word_1_218' title='bbox 818 2633 880 2673; x_wconf 87' lang='lat' dir='ltr'><strong>sent.</strong></span> <span class='ocrx_word' id='word_1_219' title='bbox 896 2627 1003 2690; x_wconf 79' lang='lat' dir='ltr'><strong>Regium</strong></span> <span class='ocrx_word' id='word_1_220' title='bbox 1016 2642 1101 2674; x_wconf 82' lang='lat' dir='ltr'><strong>omnen</strong></span> <span class='ocrx_word' id='word_1_221' title='bbox 1114 2630 1177 2675; x_wconf 82' lang='lat' dir='ltr'><strong>alibi</strong></span> <span class='ocrx_word' id='word_1_222' title='bbox 1190 2645 1317 2695; x_wconf 76' lang='lat' dir='ltr'><strong>rnagnum,</strong></span> 
     </span>
     <span class='ocr_line' id='line_1_24' title="bbox 283 2712 1318 2780; baseline -0.001 -16"><span class='ocrx_word' id='word_1_223' title='bbox 283 2732 328 2764; x_wconf 82' lang='lat' dir='ltr'><strong>sus</strong></span> <span class='ocrx_word' id='word_1_224' title='bbox 340 2723 392 2764; x_wconf 84' lang='lat' dir='ltr'><strong>est:</strong></span> <span class='ocrx_word' id='word_1_225' title='bbox 408 2722 482 2777; x_wconf 83' lang='lat' dir='ltr'><strong>atque</strong></span> <span class='ocrx_word' id='word_1_226' title='bbox 495 2714 635 2761; x_wconf 78' lang='lat' dir='ltr'><strong>breinsmode&#39;</strong></span> <span class='ocrx_word' id='word_1_227' title='bbox 645 2713 784 2760; x_wconf 76' lang='lat' dir='ltr'><strong>blanditias</strong></span> <span class='ocrx_word' id='word_1_228' title='bbox 816 2712 905 2758; x_wconf 77' lang='lat' dir='ltr'><strong>Rornae</strong></span> <span class='ocrx_word' id='word_1_229' title='bbox 928 2713 1086 2760; x_wconf 74' lang='lat' dir='ltr'><strong>intolerabile</strong></span> <span class='ocrx_word' id='word_1_230' title='bbox 1110 2729 1169 2762; x_wconf 84' lang='lat' dir='ltr'><strong>esse.</strong></span> <span class='ocrx_word' id='word_1_231' title='bbox 1202 2718 1318 2780; x_wconf 79' lang='lat' dir='ltr'><strong>Regalern</strong></span> 
     </span>
     <span class='ocr_line' id='line_1_25' title="bbox 284 2798 1343 2864; baseline -0.001 -15"><span class='ocrx_word' id='word_1_232' title='bbox 284 2803 362 2849; x_wconf 84' lang='lat' dir='ltr'><strong>etiarn</strong></span> <span class='ocrx_word' id='word_1_233' title='bbox 383 2803 452 2849; x_wconf 86' lang='lat' dir='ltr'><strong>inter</strong></span> <span class='ocrx_word' id='word_1_234' title='bbox 471 2802 539 2864; x_wconf 74' lang='lat' dir='ltr'><strong>Ipsos</strong></span> <span class='ocrx_word' id='word_1_235' title='bbox 553 2800 690 2864; x_wconf 79' lang='lat' dir='ltr'><strong>prohibuit.</strong></span> <span class='ocrx_word' id='word_1_236' title='bbox 723 2799 785 2861; x_wconf 91' lang='lat' dir='ltr'><strong>Quo·</strong></span> <span class='ocrx_word' id='word_1_237' title='bbox 817 2798 926 2844; x_wconf 75' lang='lat' dir='ltr'><strong>animum</strong></span> <span class='ocrx_word' id='word_1_238' title='bbox 942 2799 971 2844; x_wconf 81' lang='lat' dir='ltr'><strong>e&#39;n</strong></span> <span class='ocrx_word' id='word_1_239' title='bbox 995 2814 1022 2844; x_wconf 93' lang='lat' dir='ltr'><strong>se</strong></span> <span class='ocrx_word' id='word_1_240' title='bbox 1040 2813 1107 2858; x_wconf 86' lang='lat' dir='ltr'><strong>esse;</strong></span> <span class='ocrx_word' id='word_1_241' title='bbox 1130 2801 1156 2847; x_wconf 70' lang='grc' dir='ltr'><strong>ει·</strong></span> <span class='ocrx_word' id='word_1_242' title='bbox 1178 2801 1209 2848; x_wconf 78' lang='lat' dir='ltr'><strong>id</strong></span> <span class='ocrx_word' id='word_1_243' title='bbox 1228 2803 1256 2847; x_wconf 82' lang='lat' dir='ltr'><strong>in</strong></span> <span class='ocrx_word' id='word_1_244' title='bbox 1277 2803 1318 2848; x_wconf 85' lang='lat' dir='ltr'><strong>bo-</strong></span> <span class='ocrx_word' id='word_1_245' title='bbox 1338 2818 1343 2827; x_wconf 85' lang='lat'><strong>·</strong></span> 
     </span>
     <span class='ocr_line' id='line_1_26' title="bbox 276 2881 1317 2950; baseline -0.001 -14"><span class='ocrx_word' id='word_1_246' title='bbox 276 2885 351 2937; x_wconf 77' lang='lat' dir='ltr'><strong>modo</strong></span> <span class='ocrx_word' id='word_1_247' title='bbox 366 2889 413 2935; x_wconf 71' lang='lat' dir='ltr'><strong>idm</strong></span> <span class='ocrx_word' id='word_1_248' title='bbox 433 2886 542 2934; x_wconf 86' lang='lat' dir='ltr'><strong>Horatius</strong></span> <span class='ocrx_word' id='word_1_249' title='bbox 563 2902 634 2950; x_wconf 87' lang='lat' dir='ltr'><strong>opus,</strong></span> <span class='ocrx_word' id='word_1_250' title='bbox 658 2900 738 2932; x_wconf 75' lang='lat' dir='ltr'><strong>reeens</strong></span> <span class='ocrx_word' id='word_1_251' title='bbox 754 2881 784 2930; x_wconf 84' lang='lat' dir='ltr'><strong>ab</strong></span> <span class='ocrx_word' id='word_1_252' title='bbox 817 2883 896 2929; x_wconf 83' lang='lat' dir='ltr'><strong>ntinis</strong></span> <span class='ocrx_word' id='word_1_253' title='bbox 919 2884 1022 2948; x_wconf 75' lang='lat' dir='ltr'><strong>ingenio</strong></span> <span class='ocrx_word' id='word_1_254' title='bbox 1050 2887 1229 2949; x_wconf 79' lang='lat' dir='ltr'><strong>amplissimum</strong></span> <span class='ocrx_word' id='word_1_255' title='bbox 1249 2888 1317 2935; x_wconf 80' lang='lat' dir='ltr'><strong>duee·</strong></span> 
     </span>
     <span class='ocr_line' id='line_1_27' title="bbox 282 2968 1317 3039; baseline -0.001 -17"><span class='ocrx_word' id='word_1_256' title='bbox 282 2973 387 3039; x_wconf 71' lang='lat' dir='ltr'><strong>Angusto</strong></span> <span class='ocrx_word' id='word_1_257' title='bbox 404 2982 563 3033; x_wconf 74' lang='lat' dir='ltr'><strong>exstructum,</strong></span> <span class='ocrx_word' id='word_1_258' title='bbox 581 2968 688 3017; x_wconf 85' lang='lat' dir='ltr'><strong>omnibns</strong></span> <span class='ocrx_word' id='word_1_259' title='bbox 702 2979 784 3016; x_wconf 88' lang='lat' dir='ltr'><strong>notum</strong></span> <span class='ocrx_word' id='word_1_260' title='bbox 817 2976 888 3030; x_wconf 90' lang='lat' dir='ltr'><strong>rent,</strong></span> <span class='ocrx_word' id='word_1_261' title='bbox 907 2971 985 3016; x_wconf 81' lang='lat' dir='ltr'><strong>tacite</strong></span> <span class='ocrx_word' id='word_1_262' title='bbox 998 2971 1154 3031; x_wconf 77' lang='lat' dir='ltr'><strong>indicarent5</strong></span> <span class='ocrx_word' id='word_1_263' title='bbox 1173 2974 1239 3021; x_wconf 82' lang='lat' dir='ltr'><strong>vocis</strong></span> <span class='ocrx_word' id='word_1_264' title='bbox 1246 2989 1317 3020; x_wconf 84' lang='lat' dir='ltr'><strong>usur·</strong></span> 
     </span>
     <span class='ocr_line' id='line_1_28' title="bbox 282 3054 1316 3122; baseline -0.003 -15"><span class='ocrx_word' id='word_1_265' title='bbox 282 3069 308 3107; x_wconf 85' lang='lat' dir='ltr'><strong>et</strong></span> <span class='ocrx_word' id='word_1_266' title='bbox 321 3058 458 3120; x_wconf 75' lang='lat' dir='ltr'><strong>laudatum,</strong></span> <span class='ocrx_word' id='word_1_267' title='bbox 477 3057 598 3122; x_wconf 79' lang='lat' dir='ltr'><strong>appellare</strong></span> <span class='ocrx_word' id='word_1_268' title='bbox 612 3054 710 3103; x_wconf 85' lang='lat' dir='ltr'><strong>auderet</strong></span> <span class='ocrx_word' id='word_1_269' title='bbox 725 3071 784 3120; x_wconf 82' lang='lat' dir='ltr'><strong>opus</strong></span> <span class='ocrx_word' id='word_1_270' title='bbox 812 3056 916 3119; x_wconf 80' lang='lat' dir='ltr'><strong>petione</strong></span> <span class='ocrx_word' id='word_1_271' title='bbox 932 3056 1095 3104; x_wconf 73' lang='lat' dir='ltr'><strong>abstinerent.</strong></span> <span class='ocrx_word' id='word_1_272' title='bbox 1114 3058 1200 3121; x_wconf 80' lang='lat' dir='ltr'><strong>Quodsi</strong></span> <span class='ocrx_word' id='word_1_273' title='bbox 1216 3060 1262 3106; x_wconf 87' lang='lat' dir='ltr'><strong>iam</strong></span> <span class='ocrx_word' id='word_1_274' title='bbox 1280 3073 1316 3104; x_wconf 74' lang='lat' dir='ltr'><strong>re·</strong></span> 
     </span>
     <span class='ocr_line' id='line_1_29' title="bbox 283 3141 1316 3210; baseline -0.005 -17"><span class='ocrx_word' id='word_1_275' title='bbox 283 3141 374 3210; x_wconf 78' lang='lat' dir='ltr'><strong>regis?</strong></span> <span class='ocrx_word' id='word_1_276' title='bbox 398 3144 445 3192; x_wconf 87' lang='lat' dir='ltr'><strong>Iloc</strong></span> <span class='ocrx_word' id='word_1_277' title='bbox 461 3143 520 3192; x_wconf 86' lang='lat' dir='ltr'><strong>duos</strong></span> <span class='ocrx_word' id='word_1_278' title='bbox 536 3153 628 3190; x_wconf 87' lang='lat' dir='ltr'><strong>veteres</strong></span> <span class='ocrx_word' id='word_1_279' title='bbox 643 3141 782 3202; x_wconf 84' lang='lat' dir='ltr'><strong>Germanos,</strong></span> <span class='ocrx_word' id='word_1_280' title='bbox 813 3142 886 3204; x_wconf 78' lang='lat' dir='ltr'><strong>gn&#39;nm</strong></span> <span class='ocrx_word' id='word_1_281' title='bbox 903 3157 962 3204; x_wconf 84' lang='lat' dir='ltr'><strong>opus</strong></span> <span class='ocrx_word' id='word_1_282' title='bbox 986 3159 1033 3189; x_wconf 90' lang='lat' dir='ltr'><strong>non</strong></span> <span class='ocrx_word' id='word_1_283' title='bbox 1050 3151 1137 3190; x_wconf 89' lang='lat' dir='ltr'><strong>temere</strong></span> <span class='ocrx_word' id='word_1_284' title='bbox 1157 3142 1251 3190; x_wconf 84' lang='lat' dir='ltr'><strong>admitti</strong></span> <span class='ocrx_word' id='word_1_285' title='bbox 1264 3159 1316 3206; x_wconf 86' lang='lat' dir='ltr'><strong>pos-</strong></span> 
     </span>
     <span class='ocr_line' id='line_1_30' title="bbox 274 3226 1315 3295; baseline -0.004 -16"><span class='ocrx_word' id='word_1_286' title='bbox 274 3231 409 3280; x_wconf 71' lang='lat' dir='ltr'><strong>‘Gesnerum</strong></span> <span class='ocrx_word' id='word_1_287' title='bbox 438 3240 461 3278; x_wconf 89' lang='lat' dir='ltr'><strong>et</strong></span> <span class='ocrx_word' id='word_1_288' title='bbox 487 3230 617 3295; x_wconf 87' lang='lat' dir='ltr'><strong>Heynium,</strong></span> <span class='ocrx_word' id='word_1_289' title='bbox 636 3228 727 3288; x_wconf 89' lang='lat' dir='ltr'><strong>movit,</strong></span> <span class='ocrx_word' id='word_1_290' title='bbox 756 3237 783 3274; x_wconf 88' lang='lat' dir='ltr'><strong>ut</strong></span> <span class='ocrx_word' id='word_1_291' title='bbox 815 3228 860 3287; x_wconf 88' lang='lat' dir='ltr'><strong>sit,</strong></span> <span class='ocrx_word' id='word_1_292' title='bbox 883 3226 958 3273; x_wconf 85' lang='lat' dir='ltr'><strong>multo</strong></span> <span class='ocrx_word' id='word_1_293' title='bbox 972 3229 1048 3275; x_wconf 84' lang='lat' dir='ltr'><strong>minus</strong></span> <span class='ocrx_word' id='word_1_294' title='bbox 1062 3237 1139 3292; x_wconf 86' lang='lat' dir='ltr'><strong>potest</strong></span> <span class='ocrx_word' id='word_1_295' title='bbox 1154 3229 1223 3291; x_wconf 80' lang='lat' dir='ltr'><strong>regis</strong></span> <span class='ocrx_word' id='word_1_296' title='bbox 1240 3243 1315 3290; x_wconf 82' lang='lat' dir='ltr'><strong>opus:</strong></span> 
     </span>
     <span class='ocr_line' id='line_1_31' title="bbox 282 3311 1313 3384; baseline -0.008 -17"><span class='ocrx_word' id='word_1_297' title='bbox 282 3334 364 3384; x_wconf 75' lang='lat' dir='ltr'><strong>regem</strong></span> <span class='ocrx_word' id='word_1_298' title='bbox 377 3334 423 3365; x_wconf 90' lang='lat' dir='ltr'><strong>non</strong></span> <span class='ocrx_word' id='word_1_299' title='bbox 443 3316 472 3364; x_wconf 86' lang='lat' dir='ltr'><strong>de</strong></span> <span class='ocrx_word' id='word_1_300' title='bbox 493 3317 610 3380; x_wconf 74' lang='lat' dir='ltr'><strong>Augusto,</strong></span> <span class='ocrx_word' id='word_1_301' title='bbox 633 3312 673 3360; x_wconf 87' lang='lat' dir='ltr'><strong>sed</strong></span> <span class='ocrx_word' id='word_1_302' title='bbox 693 3311 735 3359; x_wconf 91' lang='lat' dir='ltr'><strong>ille</strong></span> <span class='ocrx_word' id='word_1_303' title='bbox 752 3311 782 3359; x_wconf 85' lang='lat' dir='ltr'><strong>ad</strong></span> <span class='ocrx_word' id='word_1_304' title='bbox 816 3321 851 3358; x_wconf 89' lang='lat' dir='ltr'><strong>est</strong></span> <span class='ocrx_word' id='word_1_305' title='bbox 865 3314 944 3374; x_wconf 87' lang='lat' dir='ltr'><strong>enim,</strong></span> <span class='ocrx_word' id='word_1_306' title='bbox 963 3312 1025 3378; x_wconf 89' lang='lat' dir='ltr'><strong>quod</strong></span> <span class='ocrx_word' id='word_1_307' title='bbox 1041 3315 1091 3377; x_wconf 85' lang='lat' dir='ltr'><strong>ipse</strong></span> <span class='ocrx_word' id='word_1_308' title='bbox 1109 3328 1166 3373; x_wconf 87' lang='lat' dir='ltr'><strong>rex,</strong></span> <span class='ocrx_word' id='word_1_309' title='bbox 1180 3314 1313 3376; x_wconf 78' lang='lat' dir='ltr'><strong>Augustus,</strong></span> 
     </span>
     <span class='ocr_line' id='line_1_32' title="bbox 278 3397 1315 3463; baseline -0.006 -10"><span class='ocrx_word' id='word_1_310' title='bbox 278 3403 306 3453; x_wconf 80' lang='lat' dir='ltr'><strong>h.</strong></span> <span class='ocrx_word' id='word_1_311' title='bbox 317 3403 335 3453; x_wconf 91' lang='lat' dir='ltr'><strong>l.</strong></span> <span class='ocrx_word' id='word_1_312' title='bbox 350 3401 379 3451; x_wconf 89' lang='lat' dir='ltr'><strong>de</strong></span> <span class='ocrx_word' id='word_1_313' title='bbox 388 3403 480 3463; x_wconf 81' lang='lat' dir='ltr'><strong>Xerxe,</strong></span> <span class='ocrx_word' id='word_1_314' title='bbox 494 3400 532 3448; x_wconf 83' lang='lat' dir='ltr'><strong>hic</strong></span> <span class='ocrx_word' id='word_1_315' title='bbox 547 3399 576 3448; x_wconf 83' lang='lat' dir='ltr'><strong>sd</strong></span> <span class='ocrx_word' id='word_1_316' title='bbox 591 3397 684 3463; x_wconf 77' lang='lat' dir='ltr'><strong>Virgilii</strong></span> <span class='ocrx_word' id='word_1_317' title='bbox 697 3398 780 3462; x_wconf 83' lang='lat' dir='ltr'><strong>Georg.</strong></span> <span class='ocrx_word' id='word_1_318' title='bbox 815 3399 946 3446; x_wconf 76' lang='lat' dir='ltr'><strong>constituit.</strong></span> <span class='ocrx_word' id='word_1_319' title='bbox 980 3399 1017 3446; x_wconf 83' lang='lat' dir='ltr'><strong>Sir</strong></span> <span class='ocrx_word' id='word_1_320' title='bbox 1049 3399 1128 3445; x_wconf 88' lang='lat' dir='ltr'><strong>Florus</strong></span> <span class='ocrx_word' id='word_1_321' title='bbox 1151 3399 1174 3458; x_wconf 92' lang='lat' dir='ltr'><strong>I,</strong></span> <span class='ocrx_word' id='word_1_322' title='bbox 1202 3400 1223 3445; x_wconf 93' lang='lat'><strong>1.</strong></span> <span class='ocrx_word' id='word_1_323' title='bbox 1251 3399 1315 3446; x_wconf 79' lang='lat' dir='ltr'><strong>Atta</strong></span> 
     </span>
     <span class='ocr_line' id='line_1_33' title="bbox 278 3483 1313 3553; baseline -0.006 -16"><span class='ocrx_word' id='word_1_324' title='bbox 278 3492 316 3553; x_wconf 87' lang='lat' dir='ltr'><strong>II,</strong></span> <span class='ocrx_word' id='word_1_325' title='bbox 342 3491 403 3551; x_wconf 83' lang='lat' dir='ltr'><strong>lul,</strong></span> <span class='ocrx_word' id='word_1_326' title='bbox 426 3487 455 3535; x_wconf 89' lang='lat' dir='ltr'><strong>de</strong></span> <span class='ocrx_word' id='word_1_327' title='bbox 477 3503 532 3552; x_wconf 85' lang='lat' dir='ltr'><strong>rege</strong></span> <span class='ocrx_word' id='word_1_328' title='bbox 552 3485 630 3551; x_wconf 84' lang='lat' dir='ltr'><strong>aliquo</strong></span> <span class='ocrx_word' id='word_1_329' title='bbox 647 3484 779 3531; x_wconf 78' lang='lat' dir='ltr'><strong>Ptolemaeo</strong></span> <span class='ocrx_word' id='word_1_330' title='bbox 814 3491 871 3531; x_wconf 81' lang='lat' dir='ltr'><strong>tune</strong></span> <span class='ocrx_word' id='word_1_331' title='bbox 895 3492 952 3531; x_wconf 84' lang='lat' dir='ltr'><strong>erat</strong></span> <span class='ocrx_word' id='word_1_332' title='bbox 969 3486 1043 3532; x_wconf 79' lang='lat' dir='ltr'><strong>Latio</strong></span> <span class='ocrx_word' id='word_1_333' title='bbox 1059 3491 1146 3546; x_wconf 78' lang='lat' dir='ltr'><strong>capnt,</strong></span> <span class='ocrx_word' id='word_1_334' title='bbox 1171 3483 1225 3529; x_wconf 79' lang='lat' dir='ltr'><strong>Iuli</strong></span> <span class='ocrx_word' id='word_1_335' title='bbox 1246 3499 1313 3547; x_wconf 78' lang='lat' dir='ltr'><strong>opus.</strong></span> 
     </span>
     <span class='ocr_line' id='line_1_34' title="bbox 281 3568 1314 3640; baseline -0.007 -16"><span class='ocrx_word' id='word_1_336' title='bbox 281 3585 307 3625; x_wconf 80' lang='lat' dir='ltr'><strong>st</strong></span> <span class='ocrx_word' id='word_1_337' title='bbox 339 3584 410 3640; x_wconf 87' lang='lat' dir='ltr'><strong>portu</strong></span> <span class='ocrx_word' id='word_1_338' title='bbox 433 3571 607 3633; x_wconf 73' lang='lat' dir='ltr'><strong>Alexandrino,</strong></span> <span class='ocrx_word' id='word_1_339' title='bbox 637 3571 781 3634; x_wconf 80' lang='lat' dir='ltr'><strong>arriperent.</strong></span> <span class='ocrx_word' id='word_1_340' title='bbox 815 3568 879 3617; x_wconf 87' lang='lat' dir='ltr'><strong>Idem</strong></span> <span class='ocrx_word' id='word_1_341' title='bbox 901 3572 925 3631; x_wconf 91' lang='lat' dir='ltr'><strong>I,</strong></span> <span class='ocrx_word' id='word_1_342' title='bbox 947 3572 984 3617; x_wconf 89' lang='lat'><strong>18.</strong></span> <span class='ocrx_word' id='word_1_343' title='bbox 1015 3572 1137 3616; x_wconf 82' lang='lat' dir='ltr'><strong>Tarentus</strong></span> <span class='ocrx_word' id='word_1_344' title='bbox 1158 3569 1314 3617; x_wconf 78' lang='lat' dir='ltr'><strong>Ineednerno·</strong></span> 
     </span>
     <span class='ocr_line' id='line_1_35' title="bbox 278 3654 1311 3725; baseline -0.003 -18"><span class='ocrx_word' id='word_1_345' title='bbox 278 3659 347 3725; x_wconf 88' lang='lat' dir='ltr'><strong>-Quod</strong></span> <span class='ocrx_word' id='word_1_346' title='bbox 366 3669 394 3707; x_wconf 90' lang='lat' dir='ltr'><strong>ut</strong></span> <span class='ocrx_word' id='word_1_347' title='bbox 418 3657 477 3707; x_wconf 88' lang='lat' dir='ltr'><strong>mihi</strong></span> <span class='ocrx_word' id='word_1_348' title='bbox 501 3674 547 3705; x_wconf 88' lang='lat' dir='ltr'><strong>non</strong></span> <span class='ocrx_word' id='word_1_349' title='bbox 563 3655 694 3704; x_wconf 83' lang='lat' dir='ltr'><strong>verosimile</strong></span> <span class='ocrx_word' id='word_1_350' title='bbox 718 3654 783 3703; x_wconf 87' lang='lat' dir='ltr'><strong>vide·</strong></span> <span class='ocrx_word' id='word_1_351' title='bbox 815 3657 912 3702; x_wconf 73' lang='lat' dir='ltr'><strong>ntorum</strong></span> <span class='ocrx_word' id='word_1_352' title='bbox 922 3671 987 3718; x_wconf 79' lang='lat' dir='ltr'><strong>opus.</strong></span> <span class='ocrx_word' id='word_1_353' title='bbox 1002 3656 1116 3700; x_wconf 71' lang='lat' dir='ltr'><strong>Ausonius</strong></span> <span class='ocrx_word' id='word_1_354' title='bbox 1127 3654 1248 3702; x_wconf 82' lang='lat' dir='ltr'><strong>inblosella</strong></span> <span class='ocrx_word' id='word_1_355' title='bbox 1256 3658 1311 3704; x_wconf 76' lang='grc'><strong>2811.</strong></span> 
     </span>
     <span class='ocr_line' id='line_1_36' title="bbox 282 3737 1313 3810; baseline -0.006 -15"><span class='ocrx_word' id='word_1_356' title='bbox 282 3758 337 3809; x_wconf 82' lang='lat' dir='ltr'><strong>tnr,</strong></span> <span class='ocrx_word' id='word_1_357' title='bbox 370 3743 426 3810; x_wconf 84' lang='lat' dir='ltr'><strong>(non</strong></span> <span class='ocrx_word' id='word_1_358' title='bbox 450 3744 512 3792; x_wconf 88' lang='lat' dir='ltr'><strong>enim</strong></span> <span class='ocrx_word' id='word_1_359' title='bbox 538 3742 618 3808; x_wconf 82' lang='lat' dir='ltr'><strong>placet</strong></span> <span class='ocrx_word' id='word_1_360' title='bbox 642 3752 690 3790; x_wconf 81' lang='lat' dir='ltr'><strong>tam</strong></span> <span class='ocrx_word' id='word_1_361' title='bbox 711 3741 781 3807; x_wconf 82' lang='lat' dir='ltr'><strong>louge</strong></span> <span class='ocrx_word' id='word_1_362' title='bbox 816 3741 880 3798; x_wconf 80' lang='lat' dir='ltr'><strong>Quis</strong></span> <span class='ocrx_word' id='word_1_363' title='bbox 893 3740 1054 3788; x_wconf 77' lang='lat' dir='ltr'><strong>Cbuleedmtio</strong></span> <span class='ocrx_word' id='word_1_364' title='bbox 1070 3737 1188 3803; x_wconf 79' lang='lat' dir='ltr'><strong>(miretur)</strong></span> <span class='ocrx_word' id='word_1_365' title='bbox 1205 3749 1313 3789; x_wconf 80' lang='lat' dir='ltr'><strong>constra-</strong></span> 
     </span>
     <span class='ocr_line' id='line_1_37' title="bbox 282 3826 1313 3898; baseline -0.007 -17"><span class='ocrx_word' id='word_1_366' title='bbox 282 3833 385 3898; x_wconf 87' lang='lat' dir='ltr'><strong>petitum</strong></span> <span class='ocrx_word' id='word_1_367' title='bbox 403 3828 538 3893; x_wconf 85' lang='lat' dir='ltr'><strong>exemplum</strong></span> <span class='ocrx_word' id='word_1_368' title='bbox 559 3829 622 3875; x_wconf 84' lang='lat' dir='ltr'><strong>inter</strong></span> <span class='ocrx_word' id='word_1_369' title='bbox 643 3826 689 3874; x_wconf 90' lang='lat' dir='ltr'><strong>duo</strong></span> <span class='ocrx_word' id='word_1_370' title='bbox 703 3826 781 3874; x_wconf 91' lang='lat' dir='ltr'><strong>dome·</strong></span> <span class='ocrx_word' id='word_1_371' title='bbox 815 3834 866 3873; x_wconf 77' lang='lat' dir='ltr'><strong>turn</strong></span> <span class='ocrx_word' id='word_1_372' title='bbox 882 3827 911 3872; x_wconf 86' lang='lat' dir='ltr'><strong>ab</strong></span> <span class='ocrx_word' id='word_1_373' title='bbox 926 3826 1001 3872; x_wconf 82' lang='lat' dir='ltr'><strong>litore</strong></span> <span class='ocrx_word' id='word_1_374' title='bbox 1018 3831 1138 3887; x_wconf 81' lang='lat' dir='ltr'><strong>pentorn,</strong></span> <span class='ocrx_word' id='word_1_375' title='bbox 1159 3828 1238 3892; x_wconf 79' lang='lat' dir='ltr'><strong>Regis</strong></span> <span class='ocrx_word' id='word_1_376' title='bbox 1254 3843 1313 3891; x_wconf 81' lang='lat' dir='ltr'><strong>opus</strong></span> 
     </span>
     <span class='ocr_line' id='line_1_38' title="bbox 279 3908 1312 3982; baseline -0.005 -16"><span class='ocrx_word' id='word_1_377' title='bbox 279 3919 356 3979; x_wconf 74' lang='lat' dir='ltr'><strong>suco,</strong></span> <span class='ocrx_word' id='word_1_378' title='bbox 377 3932 453 3982; x_wconf 82' lang='lat' dir='ltr'><strong>neque</strong></span> <span class='ocrx_word' id='word_1_379' title='bbox 475 3924 535 3962; x_wconf 84' lang='lat' dir='ltr'><strong>esset</strong></span> <span class='ocrx_word' id='word_1_380' title='bbox 556 3912 665 3962; x_wconf 88' lang='lat' dir='ltr'><strong>decorum</strong></span> <span class='ocrx_word' id='word_1_381' title='bbox 683 3912 778 3959; x_wconf 88' lang='lat' dir='ltr'><strong>silentio</strong></span> <span class='ocrx_word' id='word_1_382' title='bbox 810 3912 904 3976; x_wconf 79' lang='lat' dir='ltr'><strong>magni.</strong></span> <span class='ocrx_word' id='word_1_383' title='bbox 936 3908 991 3957; x_wconf 88' lang='lat' dir='ltr'><strong>Ideo</strong></span> <span class='ocrx_word' id='word_1_384' title='bbox 1015 3912 1092 3958; x_wconf 77' lang='lat' dir='ltr'><strong>verius</strong></span> <span class='ocrx_word' id='word_1_385' title='bbox 1113 3911 1204 3961; x_wconf 79' lang='lat' dir='ltr'><strong>iudico:</strong></span> <span class='ocrx_word' id='word_1_386' title='bbox 1240 3914 1312 3961; x_wconf 75' lang='lat' dir='ltr'><strong>Urbis</strong></span> 
     </span>
     <span class='ocr_line' id='line_1_39' title="bbox 281 3987 1310 4068; baseline -0.007 -17"><span class='ocrx_word' id='word_1_387' title='bbox 281 3987 411 4068; x_wconf 51' lang='lat' dir='ltr'><strong>prefterirs</strong></span> <span class='ocrx_word' id='word_1_388' title='bbox 431 4001 577 4067; x_wconf 71' lang='lat' dir='ltr'><strong>Augustum,</strong></span> <span class='ocrx_word' id='word_1_389' title='bbox 602 4000 686 4065; x_wconf 86' lang='lat' dir='ltr'><strong>quiin</strong></span> <span class='ocrx_word' id='word_1_390' title='bbox 710 3996 780 4044; x_wconf 78' lang='lat' dir='ltr'><strong>ItaIIa</strong></span> <span class='ocrx_word' id='word_1_391' title='bbox 812 4012 877 4060; x_wconf 83' lang='lat' dir='ltr'><strong>opus.</strong></span> <span class='ocrx_word' id='word_1_392' title='bbox 899 3995 994 4043; x_wconf 75' lang='lat' dir='ltr'><strong>Veteres</strong></span> <span class='ocrx_word' id='word_1_393' title='bbox 1016 3996 1138 4061; x_wconf 81' lang='lat' dir='ltr'><strong>appellant</strong></span> <span class='ocrx_word' id='word_1_394' title='bbox 1154 4014 1221 4046; x_wconf 85' lang='lat' dir='ltr'><strong>omne</strong></span> <span class='ocrx_word' id='word_1_395' title='bbox 1238 4014 1310 4062; x_wconf 86' lang='lat' dir='ltr'><strong>opus,</strong></span> 
     </span>
     <span class='ocr_line' id='line_1_40' title="bbox 281 4080 1310 4153; baseline -0.005 -17"><span class='ocrx_word' id='word_1_396' title='bbox 281 4102 358 4153; x_wconf 71' lang='lat' dir='ltr'><strong>nuper</strong></span> <span class='ocrx_word' id='word_1_397' title='bbox 381 4087 487 4149; x_wconf 79' lang='lat' dir='ltr'><strong>fecerat,</strong></span> <span class='ocrx_word' id='word_1_398' title='bbox 512 4084 575 4153; x_wconf 81' lang='lat' dir='ltr'><strong>qnod</strong></span> <span class='ocrx_word' id='word_1_399' title='bbox 595 4083 690 4133; x_wconf 78' lang='lat' dir='ltr'><strong>barbari</strong></span> <span class='ocrx_word' id='word_1_400' title='bbox 710 4098 778 4146; x_wconf 81' lang='lat' dir='ltr'><strong>reges</strong></span> <span class='ocrx_word' id='word_1_401' title='bbox 809 4082 922 4129; x_wconf 85' lang='lat' dir='ltr'><strong>inusitata</strong></span> <span class='ocrx_word' id='word_1_402' title='bbox 946 4080 1108 4146; x_wconf 77' lang='lat' dir='ltr'><strong>magnitudine</strong></span> <span class='ocrx_word' id='word_1_403' title='bbox 1134 4100 1162 4131; x_wconf 85' lang='lat' dir='ltr'><strong>ae</strong></span> <span class='ocrx_word' id='word_1_404' title='bbox 1186 4080 1310 4146; x_wconf 79' lang='lat' dir='ltr'><strong>splendore</strong></span> 
     </span>
     <span class='ocr_line' id='line_1_41' title="bbox 283 4166 1309 4238; baseline -0.004 -16"><span class='ocrx_word' id='word_1_405' title='bbox 283 4171 325 4222; x_wconf 72' lang='lat' dir='ltr'><strong>tiu</strong></span> <span class='ocrx_word' id='word_1_406' title='bbox 339 4182 411 4221; x_wconf 73' lang='lat' dir='ltr'><strong>antee</strong></span> <span class='ocrx_word' id='word_1_407' title='bbox 428 4167 498 4238; x_wconf 74' lang='lat' dir='ltr'><strong>longe</strong></span> <span class='ocrx_word' id='word_1_408' title='bbox 514 4181 582 4221; x_wconf 77' lang='lat' dir='ltr'><strong>extre</strong></span> <span class='ocrx_word' id='word_1_409' title='bbox 596 4169 690 4218; x_wconf 80' lang='lat' dir='ltr'><strong>lutiam</strong></span> <span class='ocrx_word' id='word_1_410' title='bbox 710 4166 780 4216; x_wconf 78' lang='lat' dir='ltr'><strong>seris·</strong></span> <span class='ocrx_word' id='word_1_411' title='bbox 812 4166 946 4229; x_wconf 81' lang='lat' dir='ltr'><strong>excellens,</strong></span> <span class='ocrx_word' id='word_1_412' title='bbox 976 4168 1047 4217; x_wconf 81' lang='lat' dir='ltr'><strong>urbis</strong></span> <span class='ocrx_word' id='word_1_413' title='bbox 1075 4183 1142 4233; x_wconf 76' lang='lat' dir='ltr'><strong>epus.</strong></span> <span class='ocrx_word' id='word_1_414' title='bbox 1176 4166 1309 4232; x_wconf 66' lang='lat' dir='ltr'><strong>virgilius,</strong></span> 
     </span>
    </p>
   </div>
   <div class='ocr_carea' id='block_1_6' title="bbox 0 0 1510 5000">
    <p class='ocr_par' dir='ltr' id='par_1_6' title="bbox 0 0 1510 5000">
     <span class='ocr_line' id='line_1_42' title="bbox 0 0 1510 5000; baseline 0 6"><span class='ocrx_word' id='word_1_415' title='bbox 0 0 1510 5000; x_wconf 95' lang='lat' dir='ltr'><strong> </strong></span> 
     </span>
    </p>
   </div>
  </div>
 </body>
</html>
