3009 5000
432 454 434 459 ’
525 447 831 510 torlsortaa
900 543 904 553 ι
1118 451 1179 514 217

80 672 83 677 ’
176 651 336 740 ludetur,
362 648 487 721 chorda
508 650 568 743 qni
588 671 719 744 semper
739 647 873 719 oberrat
891 649 1022 722 eadem:
1095 641 1176 724 356.

175 771 230 841 Sic
246 769 346 860 mihi,
365 771 422 863 qui
441 766 589 839 multum
607 774 727 857 cessat,
748 765 788 836 fit
802 766 977 855 Choerilus
993 769 1069 860 ille,
1096 779 1177 842 337.

175 888 283 977 Quem
295 886 348 959 his
360 876 477 981 terque
490 886 619 957 bonnm
636 909 716 956 curn
728 886 798 956 risu
810 875 931 974 miror3
947 898 981 959 et
994 888 1079 959 idem
1095 900 1175 960 353.

90 992 97 1006 ’
177 1005 335 1100 Indignor
355 1004 557 1102 quandoque
577 1003 687 1074 bonno
707 1003 866 1074 dormitat
885 1005 1062 1077 Homerus.
1096 1018 1175 1079 359.

176 1124 303 1203 ,Verum
325 1127 417 1222 operi
437 1125 539 1218 longo
564 1122 614 1193 ias
638 1132 689 1196 est
711 1122 871 1220 obrepere
891 1146 1057 1197 eomnom.
1096 1137 1176 1199 360.

624 1386 628 1397 .
661 1319 700 1390 V·

176 1459 223 1530 Ut
243 1460 398 1555 pictura,
420 1459 545 1553 poecis:
569 1460 650 1548 erit,
675 1480 764 1550 quae
787 1456 814 1527 ai
835 1462 976 1554 propius
995 1471 1061 1534 stes
1099 1473 1178 1536 361.

169 1640 235 1688 cisio
259 1649 380 1689 exteratur
400 1641 476 1704 prima
496 1636 602 1705 syllaba,
626 1655 663 1687 re·
695 1655 785 1702 cornu,
803 1643 870 1706 quasi
883 1641 1023 1691 femininum
1036 1645 1194 1694 cuuuc'.Hiuc

167 1734 248 1774 manet
264 1726 348 1786 oisi05
364 1724 427 1790 qnod
441 1725 531 1773 Latinis
545 1725 663 1789 significat
694 1724 757 1773 iilud
781 1725 844 1790 apud
859 1726 990 1775 Ciceronem
1012 1729 1084 1793 Epist.
1106 1729 1137 1777 ad
1152 1730 1191 1778 Di-

160 1810 263 1870 foedum
278 1813 386 1875 corporis
401 1812 533 1875 strepitum
546 1810 595 1858 edo.
617 1809 664 1874 (ac-
696 1827 773 1858 versos
789 1811 835 1873 IX,
851 1814 891 1861 23.
914 1813 983 1883 Quod
1003 1816 1076 1879 uulgo
1096 1814 1192 1863 dieitur

169 1898 275 1945 curatius
294 1895 413 1961 Scaliger:
438 1897 488 1943 Duo
509 1904 573 1943 recte
587 1897 665 1960 expri-
698 1912 751 1944 cum
767 1906 841 1944 noste
854 1897 971 1946 voluimus
986 1900 1121 1962 convenire,
1135 1914 1198 1971 uum,

122 2014 126 2020 -
168 1981 339 2044 muntiiraeei‚
353 1979 564 2047 eropdipu,sieum
572 1981 661 2028 sonitu:
696 1982 819 2029 obarmata
843 1978 903 2029 eat?
936 1991 960 2029 et
990 1983 1088 2047 Quintil.
1114 1984 1192 2034 instit.

168 2065 305 2130 βδεσμὸν,
317 2068 339 2115 si
349 2083 417 2115 nares
429 2067 508 2132 potius
518 2082 666 2132 quamanres
697 2066 759 2115 Orat.
777 2066 841 2129 un,
855 2068 885 2129 3,
902 2067 1068 2129 animadvertit
1082 2084 1136 2116 cum
1153 2070 1194 2117 ito-

168 2150 259 2216 feriat).
306 2152 403 2217 Propter
432 2150 529 2199 eandem
562 2167 665 2199 causum
696 2146 792 2199 minutia
807 2153 875 2200 uotis
886 2169 933 2200 non
948 2152 1085 2202 deformiter
1097 2170 1193 2218 sonare,

167 2235 244 2286 Acron
263 2237 355 2286 Horatii
369 2239 487 2301 interpres
499 2235 530 2284 ad
547 2235 611 2284 hune
629 2235 663 2283 lo·
696 2234 835 2284 deformiter
858 2246 938 2284 antem
958 2254 1012 2285 cum
1033 2241 1101 2286 uotis
1118 2240 1194 2288 tuai-

168 2337 222 2370 cnm
247 2321 276 2370 de
300 2323 356 2371 Arte
377 2322 471 2370 Portica
495 2323 607 2383 quamvis
627 2327 666 2368 eet
697 2322 779 2370 nidus.

110 2471 112 2475 ι
167 2408 277 2455 monitus
292 2416 371 2456 notat:
398 2407 462 2472 »tPro
486 2422 514 2454 eo
530 2404 594 2471 quod
618 2415 667 2468 est,
734 2406 795 2454 Cum
814 2407 870 2454 deu
891 2409 976 2463 miror.
1000 2407 1131 2474 Appuleius
1151 2409 1195 2460 ati-

167 2495 280 2559 quomm's
295 2495 347 2557 sit,
366 2503 463 2559 propter
480 2491 664 2555 ausimum,
698 2488 755 2540 cubi
770 2493 795 2540 in
815 2490 930 2559 Apologia
947 2493 1052 2559 scripsit:
1070 2510 1123 2543 cum
1138 2497 1196 2545 deu

167 2581 266 2628 ntidaro
280 2582 391 2644 quamuis
403 2561 443 2627 eet
457 2579 664 2627 nestieuMuso.'’
696 2592 829 2627 saoecuueo.

167 2665 262 2714 Interea
277 2667 374 2714 nimiam
390 2682 438 2713 esse
461 2665 612 2713 Grammatiei
629 2681 666 2712 re·
731 2664 877 2728 Quandoque
902 2667 974 2714 butue
998 2667 1118 2715 dormitat
1146 2668 1195 2717 He·

167 2749 282 2815 ligionem
297 2750 384 2800 indico.
399 2750 456 2798 Nam
464 2752 557 2816 quoties
566 2748 665 2796 Romani
696 2764 785 2797 merus.
808 2749 902 2797 Franci:
928 2752 1009 2813 quand
1024 2753 1049 2800 it
1062 2754 1145 2801 errice
1161 2769 1194 2801 au

168 2833 300 2883 utebantur
312 2837 401 2883 cirita
414 2832 516 2882 visere?
527 2833 554 2881 Si
565 2845 668 2898 pronun·
702 2834 745 2880 ton
761 2834 865 2881 Homero
878 2835 907 2883 de
923 2838 1076 2883 emamailler.
1093 2837 1195 2887 Wielan-

67 2919 70 2924 ’
167 2920 238 2968 tiatio
261 2930 358 2986 propter
381 2918 505 2968 discrimen
526 2917 665 2966 declinatio-
698 2916 742 2966 dus
754 2918 817 2966 illud
831 2903 907 2967 durau
922 2937 969 2968 non
985 2922 1108 2987 expressit.
1151 2921 1183 2964 ¹1.

167 3006 205 3053 nis
231 3020 278 3052 non
302 3005 371 3070 plane
396 3005 471 3052 fuerit
496 3002 591 3065 eadem,
615 3019 662 3050 non
730 3003 817 3051 Verum
838 3007 906 3068 operi
925 3007 995 3071 longo
1007 3008 1056 3067 fue
1070 3016 1109 3056 ese
1130 3008 1194 3057 obra-

167 3089 270 3138 multum
292 3100 371 3138 tamen
394 3088 484 3138 diversa
504 3089 578 3136 inisse
599 3086 664 3135 ride·
691 3099 752 3152 pure
773 3104 889 3138 sumnum.
911 3091 938 3139 in
957 3091 1003 3140 MS.
1022 3092 1131 3143 D'Orrill.
1153 3096 1194 3142 oi·

168 3183 226 3238 tur,
255 3185 283 3223 nt
313 3176 432 3241 quantitas
460 3176 486 3224 in
518 3173 603 3221 ultima
627 3182 662 3219 est
694 3188 807 3237 rumpere
825 3190 941 3223 suanum.
964 3177 1067 3225 Donatus
1081 3178 1106 3225 in
1126 3179 1193 3227 Prac-

58 3282 62 3290 ·
168 3259 265 3322 eadem,
291 3262 339 3309 sire
361 3259 425 3308 dicas
450 3261 516 3307 visit
538 3259 663 3320 saisire,
698 3258 788 3306 satione
806 3258 836 3306 ad
855 3259 993 3309 Eunuchum
1010 3262 1114 3312 Terentii
1129 3265 1193 3328 cogi-

166 3347 217 3393 sire
231 3346 297 3392 visit
312 3362 326 3393 a
342 3346 429 3393 visere.
455 3345 488 3392 De
512 3341 665 3408 cacemphato
698 3341 765 3391 tabat
780 3343 844 3393 hune
864 3344 954 3394 locnmt
976 3355 1007 3395 ut
1024 3349 1192 3411 uusqaemdi

168 3431 241 3478 etiam
255 3440 290 3478 est
303 3431 424 3478 annotatio
436 3429 512 3477 Servii
523 3428 553 3477 ad
566 3427 662 3477 Aeneid.
696 3444 738 3477 eos
770 3431 926 3495 longitudine
947 3436 1027 3497 operis
1048 3436 1191 3483 Terentium

167 3517 193 3578 1,
217 3516 279 3578 los,
300 3532 347 3562 non
368 3514 520 3562 intellectae
538 3513 660 3562 Barlando.
694 3514 849 3564 domitasse.
875 3517 1004 3568 xBentleius
1035 3519 1190 3569 affirmaverat

167 3597 662 3662 Servius:»Cumnuoc'bus.Caeemphatcn
695 3615 774 3648 omnes
796 3601 933 3669 Hieronymi
957 3602 1071 3653 editiones
1102 3604 1189 3655 habere

166 3685 194 3733 in
210 3702 329 3746 sermone,
346 3683 466 3750 quodie,
484 3685 505 3731 si
522 3683 663 3748 particulam
699 3685 785 3733 Vanam
801 3688 869 3751 operi
884 3689 956 3754 longo
962 3688 1010 3748 sos
1026 3697 1066 3737 est
1081 3691 1190 3755 obrepere

166 3786 221 3820 cum
240 3787 258 3817 u
278 3770 349 3818 litera
366 3772 505 3835 sequatur.'’
534 3767 663 3816 Barlcndus
694 3786 809 3821 amanum.
827 3771 919 3821 Carolus
934 3774 979 3821 Fea
992 3772 1188 3825 hocnonrerum

167 3854 336 3921 cacenphaton
350 3856 419 3921 ponit
439 3856 464 3903 in
482 3854 591 3919 repetitis
613 3870 662 3902 um.
697 3872 745 3903 esse
758 3855 923 3906 animadvertit
937 3857 966 3906 de
983 3858 1086 3908 editione
1102 3861 1188 3912 Valles.

166 3942 225 3990 Nam
237 3941 349 4007 Virgilius
364 3940 456 3988 dixerat
471 3955 597 3988 numeriam
609 3955 663 3987 casua
695 3957 717 3989 a.
741 3943 811 3991 17³5.
828 3940 874 3989 Sed
894 3943 1016 3992 Bentleins
1033 3961 1082 4002 eam
1104 3945 1189 3996 editio·

165 4028 270 4075 novimas
284 4034 377 4090 aeqreat.
392 4026 441 4073 Imo
453 4034 544 4074 veteres
560 4040 662 4090 pronun·
692 4042 746 4073 nem
770 4042 817 4074 non
837 4024 945 4090 viderat,
970 4043 1042 4094 quum
1067 4025 1188 4081 Horatium

165 4111 259 4162 tiabant
274 4127 319 4160 cco
331 4112 442 4161 uocibus.
458 4112 517 4175 Ergo
532 4110 661 4175 accipimus
693 4126 761 4159 sunm
778 4109 863 4160 edebat
879 4128 901 4162 a.
920 4115 990 4163 1711.
