3009 5000
278 466 335 530 102
541 471 754 532 llOllh'lll
786 469 1030 530 EPISTOLA

308 671 480 758 Sortilegis
501 695 570 742 non
592 672 777 765 discrepuit
801 672 970 743 sententia·
988 669 1140 765 Delphis,
1225 736 1229 744 ,

308 786 462 859 Carmine
486 791 545 883 qui
569 790 697 884 tragico
721 789 822 859 rilem
847 790 986 859 certavit
1010 788 1055 859 ob
1080 789 1233 877 hircum,

304 904 384 977 Mox
407 908 508 978 ctiam
531 915 675 1002 agrestes
696 907 834 1001 Satyros
859 907 1018 997 nudavit,
1046 914 1080 978 et
1103 930 1200 1000 asper

305 1023 473 1096 Incolumi
499 1028 660 1121 gravitate
683 1027 798 1097 iocum
817 1027 978 1111 tentavit,
1001 1049 1042 1097 eo
1067 1025 1161 1120 quod

308 1142 481 1216 illecebris
505 1154 576 1216 erat
597 1153 631 1215 et
654 1154 748 1238 grata
773 1145 920 1215 novitate
948 1144 1131 1214 morandus

304 1261 499 1356 Spectator,
525 1263 731 1357 iunctusque
754 1264 855 1334 sacris
879 1272 913 1333 et
937 1272 1039 1358 potus
1064 1271 1098 1333 et
1122 1262 1230 1333 exlex.

304 1505 439 1569 Sortilegis
461 1521 509 1553 noa
524 1505 663 1570 discrepuit
676 1514 774 1554 senten·
805 1505 871 1554 Addo
887 1508 999 1568 tertium,
1015 1504 1078 1571 quod
1090 1505 1220 1554 Gronovius
1234 1512 1302 1551 vocat

275 1590 314 1635 tia
336 1589 449 1653 Delphis.
482 1589 538 1638 Gum
561 1589 670 1657 legebam
692 1601 774 1640 vetera
806 1593 864 1640 Itos.
888 1590 973 1640 Facilis
992 1589 1123 1648 aberratio;
1147 1599 1171 1638 et
1190 1590 1303 1636 cantavit

271 1672 383 1737 Scholia,
400 1675 533 1741 cogitabam
545 1675 673 1742 aliquando
688 1694 719 1725 en
734 1694 772 1725 eo·
804 1679 869 1725 nasci
880 1679 960 1742 potuit
969 1693 999 1725 ex
1009 1675 1092 1742 glossa.
1108 1676 1215 1723 Contere
1222 1683 1302 1722 autem

273 1774 326 1807 rum
344 1770 452 1809 auctores
468 1762 566 1811 fortasse
583 1779 626 1827 pro
648 1764 776 1810 sententia
808 1779 836 1811 ex
858 1762 975 1811 Bucolicis
989 1761 1084 1827 Virgilii
1100 1760 1237 1809 Scholiastis
1252 1769 1304 1807 erat

220 1843 225 1859 '
270 1844 773 1913 vidissentsapieatia.lcro:aPerspicu,
806 1857 940 1913 pernotum.

270 1932 390 1980 inventrix
403 1933 501 1982 utilium
515 1950 593 1981 rerum
606 1932 771 1998 philosophia,
836 1934 898 1981 Mos
914 1934 992 1980 etiam
1012 1939 1124 1997 agrestes
1140 1934 1244 1995 Satyros
1259 1945 1303 1977 na-

269 2026 367 2082 propter
380 2020 537 2082 provisionem
547 2018 691 2066 futurorum.
707 2018 771 2065 Pra-
803 2017 883 2066 davit.
908 2019 955 2083 Ego
975 2018 1082 2065 nudant
1098 2033 1146 2065 non
1161 2015 1191 2065 ab
1207 2017 1304 2064 llcratio

269 2101 381 2149 mtiam
396 2104 445 2150 sive
458 2100 632 2168 philosophiam
648 2101 708 2150 dicit
721 2103 771 2149 eni·
803 2119 853 2150 esse
866 2104 980 2169 scriptum
996 2101 1105 2150 arbitror.
1122 2101 1225 2149 Nadare
1236 2099 1305 2166 Saty-

270 2187 342 2234 tuisse
359 2185 454 2246 studi03
476 2203 537 2253 quas
552 2188 588 2235 ita
604 2188 687 2236 futura
702 2203 770 2252 prae·
802 2204 841 2237 ros
859 2190 954 2254 proprie
973 2189 1091 2254 signifieat
1111 2188 1202 2254 Satyris
1224 2193 1305 2234 vestes

267 2268 335 2320 videt
354 2274 416 2320 siem
437 2271 578 2322 divinatio.'’
598 2273 770 2322 commentator
801 2290 862 2322 ereas
884 2275 1027 2335 detrahere,
1051 2274 1167 2340 figurate,
1191 2272 1303 2338 Satyros,

269 2356 416 2423 Craquianus
437 2357 518 2407 eadem
543 2360 594 2408 sere
617 2358 699 2409 habet.
726 2360 769 2408 llis
801 2359 954 2409 itarestibus
967 2362 1085 2426 privatos,
1099 2360 1204 2407 nudatos
1218 2359 1247 2405 ist
1255 2374 1305 2407 sce·

268 2442 365 2493 scholiis
378 2445 466 2493 similia
479 2444 603 2509 suntilla,
620 2461 681 2512 quae
694 2444 771 2512 Nepos
803 2462 860 2493 nam
883 2447 1006 2494 inducere.
1039 2444 1085 2493 Sed
1109 2445 1189 2512 Satyri
1212 2460 1305 2511 semper

268 2528 298 2577 de
314 2522 393 2577 Attic'o
409 2532 504 2594 scripsit
520 2546 571 2594 cap.
585 2532 609 2578 s.
635 2531 667 2578 Ia
683 2546 728 2591 quo
743 2532 770 2578 si
802 2541 869 2579 erant
885 2532 947 2578 aredi
955 2567 962 2593 ,
984 2530 1030 2579 hoc
1047 2540 1097 2593 est,
1117 2530 1211 2579 nullum
1228 2540 1304 2596 gesta-

269 2621 368 2662 tantam
381 2629 435 2661 sam
446 2614 594 2678 prudentem
609 2613 706 2674 dicam
723 2616 771 2661 mi·
802 2614 861 2663 bant
882 2617 986 2680 corporis
1004 2624 1186 2680 tegumentum,
1210 2624 1305 2681 praeter

267 2714 328 2760 mes,
341 2714 414 2762 qaam
426 2699 537 2761 debeam
544 2699 700 2764 praedicem
714 2715 769 2748 cam
801 2698 890 2765 pellem
902 2698 1027 2749 hircinam.
1045 2700 1116 2749 l’oeta
1128 2699 1223 2767 Satyros
1235 2699 1306 2749 inda-

267 2784 313 2831 ills
323 2785 412 2849 petias
427 2785 530 2832 divim
536 2784 637 2847 fimit,
661 2786 688 2833 si
703 2786 769 2833 diei·
801 2801 854 2833 cere
871 2787 951 2850 potuit
967 2785 1058 2850 nudos,
1075 2786 1147 2834 sicuti
1160 2796 1241 2848 erant,
1255 2802 1302 2834 nou

267 2871 339 2918 natio
354 2872 499 2936 appellanda
513 2878 552 2919 est
562 2877 684 2935 perpetua
697 2877 769 2918 nata·
800 2871 914 2919 nodatos.
938 2870 965 2920 Si
984 2881 1055 2936 poeta
1070 2874 1167 2920 vestitos
1183 2872 1249 2936 prins
1265 2870 1306 2919 Sa·

268 2958 334 3004 ratis
355 2958 466 3021 bonitas,
488 2973 549 3021 qaas
570 2958 650 3005 nattis
673 2957 772 3004 rasilem
804 2965 870 3023 tyros
885 2958 976 3022 primus
994 2957 1094 3004 inducit
1108 2958 1202 3020 nodos,
1220 2958 1241 3005 is
1258 2954 1306 3004 sle·

269 3052 378 3108 augetur
389 3060 464 3108 nepae
478 3046 613 3092 minuitur.
630 3051 655 3090 et
668 3057 720 3106 cap.
730 3043 770 3091 16.
804 3053 888 3108 gunter
903 3044 989 3092 nudat.
1011 3042 1057 3091 Sed
1073 3042 1114 3091 his
1131 3052 1201 3109 posta
1217 3052 1253 3091 est
1266 3058 1307 3091 au·

268 3130 314 3178 Sto
338 3130 419 3177 mania
442 3130 472 3178 de
494 3130 590 3178 studiis
608 3129 768 3192 princepum,
801 3138 853 3177 ctor
867 3127 1103 3196 carminisSatyricis
1116 3146 1172 3195 ergo
1185 3128 1246 3178 nibil
1256 3145 1307 3177 mu·

269 3215 349 3262 vitiis
369 3215 456 3264 dmum
475 3232 505 3264 aa
523 3214 705 3263 tentationibas
723 3214 774 3261 rsi-
805 3214 1249 3280 tareinipsascrmavestiumpotuit,
1264 3212 1307 3262 sed

265 3301 382 3364 publicae
396 3302 541 3365 perempta
560 3308 637 3363 sant,
657 3307 688 3348 ut
704 3300 775 3347 nihil
806 3315 857 3347 eam
873 3299 973 3348 formam
985 3302 1036 3366 ipse
1051 3302 1194 3350 constituere
1208 3298 1305 3348 debuit:

268 3387 299 3433 ia
315 3386 357 3440 leis
371 3401 419 3433 aaa
434 3393 567 3450 appareat,
587 3386 704 3446 etsocils
719 3385 772 3433 eai-
804 3384 910 3433 nodam
925 3386 955 3433 in
970 3402 1055 3448 scena,
1077 3396 1105 3435 ut
1121 3387 1147 3434 in
1163 3382 1307 3433 carminibus

270 3472 376 3519 stimari
383 3473 480 3535 possit,
487 3471 649 3535 pmdeatiam
661 3472 774 3534 quodam·
806 3471 907 3519 sacimas
915 3506 923 3533 ,
932 3487 993 3537 quae
1003 3473 1067 3521 sacta
1080 3488 1129 3520 esse
1143 3472 1255 3520 canimus.
1268 3470 1307 3519 Sic

269 3557 337 3606 modo
349 3572 402 3605 esse
414 3557 602 3606 divinationem.
615 3556 703 3606 Chorus
713 3556 772 3606 adeo
804 3556 904 3622 Alpium
911 3558 1015 3623 iugulat
1021 3559 1150 3606 Memnona
1157 3555 1220 3622 apud
1225 3557 1306 3605 llorat.

269 3643 296 3691 in
316 3641 452 3710 Tragoediis
477 3644 629 3706 sapientiam
655 3642 775 3708 explicare
807 3642 880 3691 Serm.
898 3642 1027 3705 1,x,to:
1050 3651 1129 3708 pastor
1144 3640 1208 3708 apud
1223 3642 1307 3709 lirgll.

270 3731 365 3795 coepit,
382 3745 442 3795 quae
459 3727 531 3777 rebus
545 3738 569 3776 et
586 3727 666 3777 verbis
681 3727 777 3776 oracula
808 3727 886 3794 Eclog.
903 3728 947 3792 ll,
957 3729 998 3777 61.
1016 3728 1213 3776 Phaetontiadas
1226 3745 1308 3778 massa

270 3815 403 3880 Apollinis,
419 3816 471 3864 Dei
486 3814 689 3878 sapientissimi,
710 3813 774 3861 refe·
805 3813 942 3862 circumda
957 3827 1056 3861 amarae
1070 3812 1193 3874 Cortiais5
1215 3825 1244 3864 ut
1259 3814 1308 3864 alia

269 3899 347 3950 rebat.
364 3902 497 3951 Sententia
509 3898 605 3965 quidem
616 3900 692 3947 minus
705 3897 777 3947 sacile
808 3901 917 3962 mittam,
939 3914 1001 3964 quas
1025 3896 1090 3946 docti
1112 3899 1255 3966 interpretes
1277 3899 1308 3949 ad

221 4013 225 4023 ·
270 3994 307 4033 est
322 3986 456 4036 intellectu.
806 3983 924 4051 Theophr.
944 3983 1050 4033 Charact.
1066 3983 1133 4047 llll,
1155 3996 1179 4035 et
1201 3987 1306 4052 Propert.

306 4069 420 4118 Carmine
435 4073 480 4135 qui
496 4072 773 4136 tragicoaitemasrta-
805 4070 831 4134 l,
848 4084 903 4134 rm,
919 4072 942 4119 1.
965 4080 1145 4120 aunomverunt.
1171 4073 1246 4137 Quare
1264 4087 1307 4136 pro

270 4156 311 4204 ait
328 4156 354 4203 od
370 4156 474 4205 hircum.
497 4157 548 4205 Duo
563 4155 624 4205 MSS.
646 4156 772 4204 cantavit.
807 4156 929 4205 amitit
953 4158 1039 4222 exigua
1063 4160 1194 4207 mutatione
1218 4173 1306 4223 repono
