3009 5000
263 452 303 516 32
525 457 741 520 nonum
772 458 1018 521 EPISTOLA

290 660 422 733 Vicinos
443 659 546 734 urbes
566 661 643 754 alit,
668 670 703 733 et
727 686 827 758 grave
851 665 952 734 sentit
973 673 1141 752 aratrum3

249 877 286 917 ·et
311 870 412 917 mutatio
435 877 484 916 tam
508 866 538 917 ad
560 884 603 916 ver
625 884 696 933 qnam
712 866 750 915 'ad
782 884 837 916 cam
852 870 931 918 siloae
943 872 1033 933 priuos
1047 878 1179 920 uastantur
1190 874 1221 920 in
1232 889 1277 921 an1

259 964 412 1004 auctumnum
428 956 514 1005 referri
530 955 610 1005 debet.
627 957 685 1004 Turn
697 956 754 1018 ρκ’-
786 971 845 1017 uos,
869 958 941 1004 Folia
964 958 1068 1020 cadunt,
1089 960 1130 1005 ita
1153 960 1277 1006 ambarum

257 1041 474 1114 masoliacadnnt
484 1045 558 1109 magis
571 1045 688 1110 significat
696 1043 754 1108 pri-
786 1050 858 1090 vetas
881 1045 976 1091 intem
996 1052 1080 1091 aetas:
1102 1046 1140 1092 Et
1162 1046 1279 1093 iuvenum

258 1144 325 1177 mum
339 1131 444 1193 cadunt,
461 1132 499 1180 vel
512 1148 572 1195 qttoe
582 1134 750 1195 primamne-
783 1131 838 1178 ritu
854 1132 949 1194 flerent
970 1133 1037 1179 mode
1054 1138 1115 1177 nata
1132 1132 1276 1194 virentque,

259 1223 288 1264 ta
303 1225 376 1280 sunt,
393 1218 438 1267 hoc
451 1228 487 1265 est
500 1232 575 1264 uerna
590 1233 617 1265 ac
631 1218 750 1265 sirenue.
784 1218 869 1264 Multa
884 1224 1057 1279 restaurentur,
1075 1233 1136 1279 quae
1148 1219 1201 1264 iam
1216 1217 1278 1264 ceci·

258 1302 305 1352 Sed
326 1321 355 1353 ea
369 1322 416 1352 non
431 1301 532 1365 cadunt,
558 1319 585 1349 eu
601 1305 665 1368 ipso,
688 1301 751 1368 quod
783 1304 854 1366 dere,
870 1306 1003 1367 cadentque
1020 1305 1087 1363 Quae
1100 1306 1278 1353 remeantia

258 1401 315 1440 sunt
330 1394 432 1457 primum
453 1398 525 1451 nata,
546 1388 610 1455 quod
625 1398 682 1438 sunt
693 1390 750 1453 pm'-
783 1392 870 1437 bonore
899 1393 1030 1453 uocabula,
1060 1393 1086 1439 st'
1112 1393 1176 1438 uolet
1198 1409 1276 1453 usses,

257 1493 306 1526 suu.
329 1479 520 1541 interpretantur
536 1476 595 1525 lolia
610 1493 671 1543 quae
684 1479 750 1542 prius
785 1478 861 1536 Quem
877 1494 956 1542 penes
976 1480 1113 1526 arbitrium
1135 1485 1173 1526 est
1193 1487 1219 1526 et
1234 1481 1277 1527 ius

259 1571 315 1610 nata
338 1572 410 1623 sunt,
438 1572 509 1628 atque
529 1563 587 1612 adeo
609 1564 663 1612 aliis
688 1564 753 1613 soliis
786 1573 812 1612 at
827 1581 911 1612 notum
927 1565 1047 1628 loquendi.
1069 1565 1114 1628 Qui
1130 1581 1223 1628 versus,
1242 1568 1278 1615 ita

256 1651 394 1699 uetustiora.
410 1649 514 1699 Vestram
530 1652 616 1716 fidem,
633 1656 751 1719 interpre-
784 1656 872 1720 positi,
896 1653 983 1700 claram
1005 1632 1029 1699 et
1048 1654 1167 1717 egregiam
1184 1662 1278 1700 senten·
1303 1698 1304 1705 ,

218 1728 229 1746 ’
258 1738 307 1783 tes!
319 1736 374 1783 'l'am
388 1733 459 1785 breve
473 1726 585 1802 temporis
597 1739 750 1786 intervallum
785 1741 842 1786 tiam
859 1748 992 1804 praestant3
1009 1754 1035 1786 ac
1052 1736 1081 1785 de
1093 1738 1178 1785 ceteris
1191 1735 1276 1784 deinde

258 1830 360 1870 aetatem
377 1821 487 1871 foliorum
504 1823 644 1888 distinguit,
661 1834 689 1872 ut
703 1824 750 1872 ulia
783 1823 896 1873 dicemus.
914 1825 980 1873 Nunc
996 1822 1064 1887 vide,
1086 1841 1157 1889 quam
1170 1834 1234 1873 recte
1252 1833 1277 1871 et

256 1907 374 1973 appellari
388 1911 478 1972 possint
494 1918 606 1973 vetusta,
619 1911 667 1959 alia
683 1914 751 1959 iuve-
783 1922 839 1976 apte
851 1910 988 1959 cohaerent:
1009 1900 1054 1973 Ut,
1068 1927 1122 1958 uem
1134 1912 1213 1959 siloas
1225 1925 1277 1957 mu·

257 1993 345 2043 uilia?
372 1994 452 2060 Neque
474 1999 617 2061 comparatio
636 1996 747 2044 foliorum
782 2004 886 2059 tantur,
902 1996 972 2056 solia
992 1997 1060 2045 ruodo
1080 1997 1188 2059 cudunt,
1210 1996 1278 2044 modo

257 2099 311 2133 cam
326 2082 405 2132 verbis
421 2093 468 2131 tam
485 2084 533 2132 late
550 2085 691 2149 porrigitur,
706 2084 747 2132 sed
780 2092 918 2132 nascuntur
933 2091 959 2131 ct
972 2085 1065 2131 viram.
1082 2081 1203 2129 librarius
1216 2096 1278 2128 unus

256 2172 282 2221 in
304 2186 332 2216 eo
355 2168 475 2218 subsistit:
501 2178 529 2217 ut
550 2169 609 2218 lolia
625 2171 750 2234 quotannis
783 2168 841 2218 haec
865 2171 900 2218 ita
922 2167 1024 2217 scribere
1046 2169 1138 2231 putuit:
1164 2167 1196 2213 Ut
1211 2166 1279 2214 modo

257 2267 386 2307 nascuntur
416 2265 441 2305 et
470 2255 577 2319 cadunt,
616 2260 651 2306 ita
679 2256 752 2306 verba
776 2258 860 2320 solia,
880 2272 934 2304 cum
949 2255 1135 2318 sileaeprimos
1149 2258 1280 2300 mutantur

258 2347 368 2395 oriuntur
384 2356 408 2393 et
423 2348 552 2394 intereunt.
571 2345 705 2410 Perprime
712 2362 751 2394 ca·
783 2346 813 2393 t'n
827 2361 905 2394 annos
922 2345 1032 2406 Cadunt,
1049 2343 1091 2389 ita
1103 2342 1227 2390 verborum
1240 2354 1279 2386 oe-

256 2431 748 2495 dunt,Boher.adGieeronis'l'usc.Quaest.
784 2439 826 2479 tus
840 2433 935 2478 interit
950 2437 1028 2477 aetas.
1055 2428 1139 2488 Alter,
1162 2435 1191 2473 ut
1206 2424 1279 2473 hexa-

258 2538 283 2588 p.
296 2523 344 2570 270
366 2522 463 2585 corrigit
476 2518 552 2581 petua
567 2517 666 2564 cedunt.
688 2517 747 2564 Hine
781 2526 883 2565 metrum
898 2519 1048 2565 restitueret:
1069 2513 1187 2572 Utsoliis
1200 2513 1279 2560 siluae

257 2615 337 2654 umen
359 2603 478 2652 lucramur
498 2598 569 2648 nihil.
594 2599 690 2663 Inspexi
713 2616 753 2646 ve·
780 2602 878 2663 primos
898 2607 1029 2647 mutantur
1046 2600 1076 2647 in
1093 2615 1169 2648 annos
1190 2600 1279 2647 Prima

253 2691 397 2739 tustissimas
412 2686 530 2737 Diomedis
543 2687 690 2751 grammatici
703 2685 751 2734 edi·
784 2686 889 2734 cedunt:
906 2685 968 2733 alter
984 2687 1016 2733 Ut
1023 2685 1093 2746 felia
1105 2686 1135 2733 irs
1147 2686 1231 2734 silvis.
1252 2685 1278 2735 Si

256 2777 346 2838 tiones,
360 2785 451 2840 partem
465 2783 591 2838 apparatus
599 2772 752 2821 Bondamiani
783 2775 837 2838 quis
859 2789 950 2821 caussas
972 2774 1056 2820 erroris
1076 2773 1182 2820 invenire
1204 2774 1279 2837 possit

256 2864 283 2913 in
312 2861 460 2911 Bibliotheca
491 2861 588 2927 publica
617 2860 748 2924 Leidensi,
781 2877 836 2908 vero
850 2861 991 2923 similiores,
1008 2858 1123 2908 laetabor.
1148 2861 1196 2910 Hoc
1217 2861 1277 2911 mihi

257 2967 357 3017 quamn
382 2949 511 2998 editionum
535 2950 652 3014 margines
678 2949 749 2996 variis
774 2946 911 3009 concedet,
926 2948 1026 3011 opinor,
1044 2948 1189 3009 orationem,
1206 2964 1277 3013 quam

257 3034 540 3101 lectionibus,undique,
558 3038 629 3084 etiam
641 3053 671 3083 ex
686 3035 747 3085 MSS.
782 3036 844 3097 leci,
862 3052 911 3083 esse
928 3035 1049 3095 latinam,
1066 3035 1230 3098 perspicuam,
1252 3043 1277 3082 et

216 3143 219 3150 ·
257 3131 314 3171 sunt
334 3124 406 3170 aucti.
432 3120 527 3169 Nullam
545 3120 691 3186 deprehendi
707 3138 747 3168 va·
779 3121 912 3169 rotundam.
951 3122 1025 3168 Folia
1051 3136 1100 3169 esse
1125 3119 1276 3181 trochaeum,

256 3210 367 3258 rietatem
379 3210 405 3257 in
421 3225 489 3259 versu
501 3212 641 3275 Horatiano,
655 3214 701 3261 nisi
713 3213 750 3260 in·
782 3228 851 3259 nemo
867 3229 914 3258 non
929 3210 1003 3260 videt.
1023 3210 1097 3259 Folia
1109 3209 1200 3260 catut
1212 3207 1276 3257 idem

258 3305 296 3342 ter
306 3295 396 3359 privos
411 3304 435 3342 et
445 3297 551 3359 primos.
578 3297 669 3360 Quare,
686 3294 749 3362 quod
769 3305 849 3356 ‚sonat
864 3312 892 3343 ac
908 3295 1063 3361 virgilianum
1083 3303 1167 3363 genua
1182 3298 1274 3346 labant.

257 3397 305 3429 non
323 3380 447 3443 intellexi,
463 3380 489 3430 id
505 3383 639 3429 coniectura
656 3382 748 3446 assequi
780 3380 812 3427 lc
832 3378 928 3427 videtur
944 3397 972 3428 ea
988 3382 1122 3446 corruptela
1138 3385 1164 3432 in
1179 3383 1275 3432 Horatio

256 3476 356 3516 conatus
368 3483 428 3517 sum.
446 3466 542 3529 Nullus,
556 3466 640 3529 eredo,
653 3467 752 3516 Romani
784 3469 832 3516 iam
849 3483 897 3515 esse
914 3467 983 3515 valde
997 3471 1103 3534 antiqua.
1124 3471 1276 3522 Grammatici
1335 3485 1339 3494 ·

258 3557 378 3621 scriptoris
395 3553 457 3603 liber
474 3564 565 3617 exstat,
583 3557 608 3603 in
622 3571 683 3620 quo,
700 3547 747 3605 sire
781 3555 877 3621 quidem
901 3553 964 3602 illud
984 3555 1139 3620 virgilianum
1155 3557 1276 3621 explican-

257 3640 363 3706 singulos
382 3657 463 3689 versus
482 3643 531 3689 sive
554 3650 604 3689 tota
625 3653 751 3708 praecepta
784 3653 834 3706 tes,
851 3644 1033 3691 silloratianum
1040 3643 1276 3703 noriaentsolt'aca·

257 3727 402 3790 consideres,
419 3728 540 3794 legitimus
556 3726 612 3776 ordo
625 3746 668 3794 per
677 3728 750 3778 libra-
782 3731 858 3793 dunt,
877 3733 903 3779 in
920 3730 1069 3795 exemplum,
1083 3728 1167 3792 credo,
1181 3729 1276 3779 attulis-

257 3815 305 3864 rios
324 3818 399 3882 magis
419 3818 451 3864 sit
474 3826 606 3881 corruptus.
632 3816 749 3865 locabulo
782 3828 843 3868 sent.
857 3820 885 3866 Et
900 3815 1276 3882 iamllieronymus,quodnunc

256 3902 329 3951 semel
343 3906 497 3969 transposito,
513 3915 592 3953 cetera
605 3902 704 3967 deinde,
721 3914 749 3953 nt
781 3906 907 3971 vulgatur,
925 3906 994 3971 legit.
1011 3903 1133 3952 Bentleius
1147 3903 1227 3953 locum
1242 3906 1276 3954 ci·

256 3996 359 4036 menum
390 3992 581 4052 restitueretur,
615 3998 750 4053 transpone·
783 3992 856 4038 tavit:
874 3997 1006 4055 postquem
1023 3991 1077 4038 alia
1093 3985 1190 4041 venem
1201 4007 1276 4058 gene·

256 4072 358 4138 bantur,
375 4077 422 4125 ulia
437 4076 616 4127 emittebantur.
641 4078 688 4142 Ego
704 4076 750 4123 Ho-
782 4078 866 4139 ratio,
883 4079 1024 4142 primisque
1038 4077 1118 4138 foliis
1131 4080 1275 4128 cadentibus

256 4161 344 4212 tatium
367 4164 484 4229 scripsisse
509 4173 582 4230 puto:
611 4164 643 4211 Ut
666 4163 748 4225 modo,
781 4164 867 4213 uirens
881 4166 948 4213 sitm
963 4167 1120 4216 accreverit.
