3009 5000
294 509 353 572 110
555 507 769 568 HOHATII
802 507 1050 569 EPISTOLA

328 710 400 781 sut
421 711 592 805 ignoratae
610 711 735 805 premit
757 709 837 778 artis
859 713 999 783 crimine
1020 713 1125 806 turpi.

321 831 397 901 Non
421 830 530 922 quivis
550 828 640 898 videt
668 826 887 898 immodulata
910 837 1065 924 poemata
1086 830 1205 920 iudex,

320 947 363 1019 Et
385 947 462 1019 data
482 949 642 1019 Romanis
666 947 762 1017 venia
785 955 836 1016 est
858 947 994 1042 indigna
1020 949 1140 1042 poetic.

287 1194 386 1241 riarium
400 1195 427 1241 in
441 1193 508 1241 illius
523 1193 666 1241 sententiam
681 1201 747 1240 recte
762 1201 788 1239 et
819 1189 947 1257 spondeos,
959 1201 1094 1240 nontamen
1103 1194 1130 1241 in
1143 1191 1222 1241 sedem
1235 1208 1318 1240 secun·

287 1277 418 1345 prudenter
432 1279 579 1327 concessisse.
599 1277 760 1325 BHNTLHIVS.
819 1276 886 1339 dam,
903 1286 1045 1342 quarumet
1056 1287 1156 1327 sextam.
1173 1278 1211 1326 Sic
1224 1276 1319 1326 Iambus

296 1380 300 1387 ’
319 1365 348 1413 In
363 1365 516 1412 annotatione
526 1362 665 1411 Bentleiana
676 1363 723 1410 tria
731 1371 788 1409 sunt
820 1364 870 1427 egit
894 1361 958 1428 apud
972 1363 1085 1425 Graecos,
1109 1365 1143 1412 sic
1165 1364 1249 1412 Graeci
1264 1379 1318 1413 eum

286 1447 501 1498 animadvertenda.
534 1448 667 1513 Quomodo,
692 1450 786 1514 inquit,
820 1448 930 1495 iecerunt
945 1458 1062 1514 agentem.
1079 1448 1125 1496 Sed
1135 1448 1191 1497 vide
1207 1448 1319 1515 quidRo·

286 1552 381 1598 versus,
395 1536 496 1600 quinon
509 1544 623 1601 apparet,
640 1544 736 1582 accusat
744 1543 788 1582 aut
819 1535 885 1581 mani
900 1534 1011 1582 fecerint.
1037 1533 1130 1582 Iambus
1146 1534 1189 1583 ilie
1208 1551 1262 1582 raro
1277 1550 1319 1599 ap-

286 1623 385 1670 erimine
399 1621 503 1687 premit?
525 1619 572 1669 Sed
586 1637 634 1669 non
651 1621 742 1686 iegitur
757 1620 787 1667 il-
819 1629 888 1685 paret
907 1621 934 1667 in
955 1621 1069 1668 trimetris
1092 1620 1158 1669 dccii
1182 1630 1207 1667 et
1231 1621 1316 1676 Hunii3

287 1707 332 1756 lud
345 1724 393 1755 non
402 1715 518 1772 apparet,·
533 1723 616 1755 verum
629 1723 703 1755 rarus
716 1722 791 1771 appo·
822 1722 891 1770 saepe
907 1722 1023 1770 nusquam
1038 1708 1144 1754 cernitur
1158 1707 1206 1754 nisi
1217 1707 1319 1754 insexta

288 1801 335 1843 ret.
350 1794 427 1859 Igitur
442 1803 507 1842 recte
523 1803 626 1842 accusat.
651 1792 677 1841 Si
692 1793 788 1858 legatur
819 1790 882 1839 sede.
907 1791 1003 1854 Quando
1020 1794 1093 1840 etism
1113 1792 1152 1840 vel
1168 1793 1194 1840 in
1215 1789 1320 1839 secunda

288 1881 382 1927 missis
397 1896 483 1927 versas
493 1881 603 1943 praeit,
629 1877 740 1927 dura'est
756 1878 790 1926 el·
820 1877 861 1924 vel
883 1879 909 1925 in
930 1888 1015 1942 quarta
1035 1879 1074 1927 vel
1089 1880 1115 1927 in
1138 1888 1239 1943 utraque
1255 1886 1317 1938 stat,

287 1965 356 2031 lipsis
377 1963 520 2014 substantivi
540 1966 687 2028 emptores,
709 1970 792 2010 asoto-
823 1971 885 2009 stare
901 1961 1010 2026 videtur,
1027 1973 1147 2028 tamquam
1163 1973 1253 2012 ceteros
1267 1978 1320 2010 ver-

292 2067 341 2099 res.
358 2050 464 2115 Denique
478 2066 587 2112 caesura,
601 2065 661 2115 quae
670 2050 746 2096 minor
755 2056 791 2095 est
822 2064 862 2095 sus
873 2046 1032 2112 reprehendat
1046 2058 1071 2097 et
1083 2058 1191 2110 accuset,
1201 2050 1268 2113 qnasi
1281 2064 1319 2095 ec·

289 2137 316 2185 in
332 2151 387 2184 oum
399 2150 487 2200 magno
497 2135 605 2199 postdere
618 2150 689 2199 quam
704 2149 793 2198 magno
823 2132 897 2181 larius
910 2142 935 2180 et
948 2134 999 2181 sine
1012 2143 1063 2181 orte
1076 2132 1215 2182 elaboratos.
1235 2133 1259 2182 Si
1270 2150 1320 2182 om·

288 2221 469 2286 comprendere,
487 2222 566 2287 prius,
575 2230 604 2269 ut
611 2230 702 2268 taceam
712 2218 790 2283 tiss,
822 2235 865 2267 nes
877 2235 958 2267 versus
969 2218 1035 2267 dccii
1048 2229 1072 2267 et
1085 2221 1154 2267 Ennii
1166 2235 1239 2267 unum
1250 2217 1319 2267 modo

289 2306 443 2358 commendat.
458 2306 554 2355 Veteres
567 2316 646 2355 tamen
654 2304 792 2355 tarditatem
823 2303 939 2361 haberent
955 2303 1075 2368 iambum,
1092 2304 1190 2354 tarditas
1203 2307 1280 2353 minus
1293 2307 1319 2354 in

289 2395 416 2461 praecipue
438 2396 464 2442 in
487 2395 545 2459 ipsis
566 2392 675 2458 spondeis
697 2393 790 2457 quaesi·
822 2391 902 2439 oculos
917 2376 1058 2440 incurreret.
1077 2391 1143 2440 Nunc
1158 2408 1187 2440 ex
1200 2407 1319 2456 compara·

288 2483 349 2531 risse
365 2479 484 2529 ridentur.
513 2479 636 2544 Virgilius:
659 2480 706 2527 Illi
722 2479 793 2525 inter
824 2479 889 2525 tione
903 2477 1032 2525 tardiorum
1041 2494 1095 2525 oum
1108 2475 1319 2526 celerioribusdis·

290 2581 343 2615 sose
357 2580 448 2629 magno
463 2566 491 2611 oi
509 2565 609 2611 brachio
626 2564 724 2611 tollunt.
746 2560 791 2610 ubi
823 2563 911 2609 crimen
934 2564 1045 2611 sentitur.
1081 2561 1175 2610 Iambus
1199 2562 1239 2611 hic
1266 2562 1318 2612 illio

289 2653 315 2700 in
330 2650 398 2697 nullo
413 2648 496 2696 Codice
508 2649 631 2695 inventum
645 2657 681 2695 est
696 2648 725 2694 oi
736 2662 788 2693 mu·
819 2663 934 2712 apparens
949 2648 1037 2712 premit
1048 2657 1138 2696 ceteros
1152 2665 1240 2697 versus.
1255 2649 1318 2697 Gom·

286 2735 348 2802 gno.
360 2735 417 2783 'l’ota
426 2733 594 2799 disputationis
602 2733 792 2781 Horatianaena·
823 2734 931 2798 paratio,
948 2743 976 2780 ut
993 2731 1051 2781 dicit
1067 2732 1171 2797 Seneca,
1187 2752 1237 2784 rem
1253 2733 1317 2783 tollit

289 2833 345 2870 tura
367 2831 392 2870 et
406 2823 519 2869 orationis
534 2819 594 2868 bene
616 2817 790 2868 connectendae
822 2817 861 2866 vel
875 2817 994 2883 deprimit.

289 2908 395 2957 facilitas
415 2906 476 2955 mihi
489 2906 550 2955 liano
572 2905 747 2955 distinctionem
763 2914 789 2952 et
852 2905 891 2953 Et
914 2905 977 2952 dota‘
990 2906 1110 2954 Rootom's
1130 2909 1203 2955 venia
1223 2914 1262 2955 ost
1278 2909 1317 2953 irt-

288 2995 431 3059 scripturam
449 2992 568 3058 postulare
583 2989 708 3039 ridentur:
730 2991 788 3038 Non
820 2991 898 3055 digno
906 2990 999 3054 poetis.
1032 2992 1142 3041 Horatius
1153 2992 1200 3041 hoo
1215 2992 1262 3042 sibi
1276 2991 1318 3040 ob·

289 3082 330 3128 ito
341 3080 455 3143 pridem,
474 3078 622 3126 Tardiorot
633 3076 789 3140 poullogra-
821 3078 863 3126 iici
877 3078 962 3142 fingit,
981 3087 1009 3125 ut
1026 3095 1095 3143 saepe
1108 3081 1134 3127 in
1155 3077 1201 3127 hao
1220 3090 1244 3128 et
1264 3078 1318 3127 aliis

288 3167 390 3227 stoque
403 3166 499 3212 veniret
514 3164 548 3211 od
562 3178 648 3225 nores,
665 3161 788 3225 Spondeos
819 3161 929 3226 Epistolis
945 3172 970 3210 et
991 3162 1154 3221 sermonibus3
1179 3164 1256 3213 veluti
1270 3173 1317 3213 sta·

190 3286 191 3289 ¹
288 3247 789 3313 stadileeinioropaternorecepifflom·
820 3248 864 3294 tim
880 3248 906 3294 in
926 3249 1056 3313 principio:
1084 3251 1227 3298 Pictoribrcs
1244 3258 1317 3311 atqua

288 3333 373 3382 modm
391 3341 417 3381 et
428 3334 545 3397 patiens:
561 3349 620 3395 noo,
638 3340 668 3380 ot
687 3332 788 3380 decede
815 3331 900 3395 poetis
916 3333 1318 3398 Quidlibotoodendiscmperfuit

289 3419 394 3469 seeundo
410 3419 513 3466 eederet
524 3425 569 3465 out
581 3424 787 3481 quartaseetaae.
820 3432 897 3480 oeqrto
914 3425 1036 3481 potestas.
1053 3420 1091 3468 Ibi
1103 3423 1154 3485 ipse
1172 3418 1314 3484 respondet:

289 3506 340 3555 Sed
363 3506 404 3553 tio
419 3512 445 3552 et
461 3504 490 3550 irs
504 3501 566 3551 Aeci
584 3500 716 3551 Nobilibus
737 3504 786 3550 tri·
818 3504 928 3565 Scimus,
946 3513 971 3552 et
987 3514 1039 3553 tum
1054 3506 1153 3553 refutat.
1178 3504 1221 3552 Hic
1235 3504 1316 3570 culpa-

285 3593 377 3640 metrs's
389 3604 510 3654 apparens
524 3604 598 3636 rarus
613 3597 639 3636 et
655 3588 737 3650 Enni,
754 3590 786 3636 In
817 3598 883 3637 verat
896 3606 976 3639 versus
988 3592 1053 3639 Accii
1069 3592 1177 3639 etHnnii.
1192 3590 1265 3653 Sunt,
1280 3593 1316 3639 in-

288 3689 384 3726 aceriam
399 3676 488 3722 missos
507 3688 562 3720 eom
576 3689 666 3739 magno
678 3674 785 3738 pondere
817 3676 883 3738 quit,
900 3675 1057 3726 immodulati.
1074 3676 1142 3723 Dicet
1155 3676 1254 3725 fortasse
1272 3676 1316 3726 ali·

286 3778 373 3811 versus
390 3762 443 3810 Aut
464 3774 548 3824 operas
567 3761 655 3807 οοῖονίτ
677 3760 784 3806 nimiam
815 3761 880 3824 quis:
896 3778 943 3810 non
957 3763 1033 3828 quivis
1045 3760 1118 3809 iudex
1131 3760 1176 3811 hoo
1192 3762 1273 3826 videt,
1290 3772 1315 3812 et

283 3862 390 3912 curaque
422 3846 546 3907 carentis,
573 3845 627 3893 Aut
655 3846 786 3909 ignoratae
817 3844 877 3894 haec
895 3848 965 3895 venia
985 3847 1094 3895 Romanis
1107 3846 1185 3897 datur.
1205 3849 1315 3898 Horatius

282 3936 378 3997 premit
394 3934 462 3982 ortis
472 3932 577 3979 crimina
592 3931 672 3995 turpi.
694 3930 787 3978 Horati·
818 3932 951 3996 respondet.
966 3932 1010 3980 Fac
1019 3949 1046 3980 ca
1056 3934 1090 3981 sic
1099 3951 1147 3982 esse
1155 3971 1163 3997 ,
1171 3945 1200 3982 ut
1211 3946 1239 3983 tu
1246 3934 1313 3984 dicis.

285 4034 314 4066 us
329 4020 376 4067 iam
391 4035 425 4067 vs.
442 4020 487 4067 est
506 4018 615 4066 Iamiam
630 4018 690 4065 fecit
703 4032 782 4081 perso-
813 4016 869 4065 Ideo
882 4017 957 4080 mihi,
971 4019 1014 4083 qui
1029 4018 1127 4068 meliora
1143 4019 1250 4084 videam,
1272 4037 1314 4068 ne·

283 4118 347 4152 nam.
369 4103 439 4151 Iussit
455 4102 548 4152 Iambus
563 4119 605 4152 sua
620 4102 664 4150 illa
680 4102 783 4150 carmina
815 4102 916 4167 gligenti
926 4120 975 4151 esse
988 4121 1035 4153 non
1048 4104 1114 4154 licet.
1132 4106 1249 4154 Hactenus
1265 4104 1312 4153 ‹lis-

282 4186 402 4254 appellari
421 4189 536 4238 trimetro.
568 4186 671 4236 Iambus*
686 4186 780 4235 admisit
813 4190 906 4252 putatio
934 4199 998 4238 recte
1028 4190 1149 4254 procedit,
1178 4190 1219 4255 sed
1242 4192 1312 4239 venia
