3009 5000
279 431 337 502 104
538 440 753 502 llORlTII
783 439 1028 500 EPIstoul

309 640 509 736 Verbaque,
532 642 685 735 Pisones,
710 641 909 736 Satyrorum
934 640 1078 736 scriptor
1103 635 1243 723 amabo,

305 761 375 832 Nec
400 761 450 831 sic
469 761 578 832 enitar
602 761 728 854 tragico
749 759 885 831 differre
909 758 1036 849 colori,

308 879 356 950 Ut
380 877 465 948 nihil
486 879 635 968 intersit,
659 880 816 948 Davusne
836 878 1015 971 loquatur,
1040 883 1074 947 et
1098 873 1208 945 audax

309 996 465 1092 Pythias,
491 1004 650 1068 emuncto
674 997 805 1067 lucrata
830 996 964 1067 Simone
987 993 1173 1080 talentum,

311 1113 366 1185 An
389 1122 504 1186 custos
528 1115 745 1209 famulusque
768 1115 829 1186 Dei
853 1113 987 1185 Silenus
1012 1111 1152 1184 alumni.

310 1232 359 1303 Ex
379 1241 461 1304 nuto
485 1232 606 1303 fictum
625 1257 760 1304 carmen
785 1255 924 1328 sequar,
948 1238 988 1302 ut
1007 1229 1071 1301 sihi
1090 1230 1199 1324 quivis

311 1352 431 1446 Speret
453 1351 559 1439 idem3
583 1350 682 1421 audet
705 1351 875 1441 multum,
898 1350 1091 1444 frustraque
1112 1348 1244 1419 laboret

313 1467 428 1539 Ausus
451 1468 557 1541 idem:
580 1477 713 1539 tuntum
733 1470 834 1540 series
856 1470 1081 1562 iuncturaque
1100 1465 1229 1562 pollet3

279 1736 458 1785 annotationum
474 1736 578 1803 exempli
591 1752 671 1787 caussa
684 1737 780 1786 invenio
812 1738 925 1800 anania,
955 1738 1094 1802 praesertim
1120 1735 1156 1784 sic
1180 1735 1244 1782 inter
1269 1747 1308 1780 res

277 1822 355 1886 posita
368 1820 585 1888 vocabulorum,
599 1825 704 1890 pogium
730 1823 779 1872 lam
810 1822 945 1890 splendidas
961 1824 1046 1888 posita.
1070 1821 1135 1870 Talia
1151 1821 1227 1886 igitur
1240 1833 1308 1866 vuca-

279 1906 381 1971 Qnintil.
393 1907 459 1970 ult,
474 1921 516 1971 111,
532 1908 686 1974 reprehendit
701 1912 776 1958 cisto.
809 1908 867 1957 bula
888 1918 944 1957 sunt
967 1910 1096 1970 inusitata,
1118 1904 1224 1972 quotidie
1241 1919 1308 1952 usur·

280 1990 372 2040 »Sient
392 1993 418 2042 in
441 1994 548 2042 oratione
570 1993 648 2043 nitida
671 1992 777 2041 notabile
810 2002 914 2058 pantur,
935 2009 974 2042 ros
997 1995 1126 2042 communis
1144 1992 1208 2040 vitae
1224 2000 1309 2038 tennes
1339 2054 1342 2059 Ι

280 2085 317 2124 est
337 2074 452 2128 laum'rlius
466 2076 582 2140 verbnm,
606 2095 634 2127 ac
645 2078 714 2126 velut
729 2094 778 2126 ma·
809 2079 961 2144 significant,
981 2087 1082 2144 regnant
1103 2087 1128 2125 et
1148 2075 1307 2124 dominantur.

279 2160 346 2210 cula:
369 2163 404 2210 ita
427 2178 565 2211 asermone
586 2164 655 2213 tenui
674 2162 776 2212 sublime
809 2163 860 2212 Non
884 2173 935 2212 erat
958 2164 1048 2229 igitur,
1077 2179 1121 2211 cur
1142 2159 1246 2209 Hurdius
1266 2175 1309 2224 pro

278 2246 429 2314 nitidumque
449 2247 580 2312 discordat,
601 2250 677 2316 fitque
698 2266 778 2298 corrn-
808 2250 927 2298 inornata
942 2257 1069 2316 reponeret
1084 2249 1210 2298 honomtu.

278 2343 362 2399 ptum,
372 2334 429 2400 qnia
441 2336 467 2383 in
477 2334 549 2401 plano
558 2344 643 2385 tumet.
660 2334 779 2401 Quaedam
843 2337 965 2401 Pythiae,
982 2343 1092 2384 maneto
1102 2335 1199 2382 lucrata
1212 2332 1310 2380 Simone

278 2435 327 2468 non
347 2429 396 2469 tam
417 2422 523 2485 ratione,
544 2438 614 2488 quam
632 2439 702 2471 seusu
717 2421 780 2471 indi-
812 2423 942 2471 talentum.
954 2424 1023 2470 Acro:
1042 2422 1126 2485 »Quae
1141 2428 1177 2468 est
1191 2417 1310 2467 ausaelu·

279 2501 376 2553 cintur:
393 2516 422 2555 ut
436 2506 545 2555 illud—
559 2508 780 2573 caecaiangohont
810 2506 866 2555 dere
887 2506 1007 2555 dominum
1028 2523 1105 2556 suum.
1130 2506 1181 2554 Non
1202 2504 1263 2554 dicit
1280 2503 1310 2553 de

270 2591 375 2649 foedera
393 2606 486 2654 porca,
512 2592 571 2640 iecit
595 2591 690 2659 elegans
712 2592 779 2640 fictio
811 2591 898 2657 Pythia
917 2592 1072 2653 Terentiana,
1098 2590 1140 2639 sed
1163 2606 1224 2657 quae
1246 2588 1310 2656 apud

278 2676 393 2723 numium:
410 2675 510 2741 quodsi
526 2677 709 2741 fnissetporco‚
727 2677 776 2725 vile
808 2677 944 2740 Lucilium,
966 2675 1222 2746 tragoediographnm,
1240 2674 1309 2724 indu·

280 2769 340 2809 erat.
363 2760 391 2809 ln
413 2759 553 2827 quibusdam
573 2763 635 2811 ratio
656 2763 783 2811 manifesta
815 2763 878 2812 citur
901 2761 988 2811 ancilla
1012 2778 1055 2828 per
1078 2763 1178 2810 astutias
1203 2762 1310 2826 accipere

279 2855 324 2895 est.
341 2845 457 2911 Risimus,
476 2857 501 2897 et
516 2850 615 2922 merito,
632 2865 709 2915 nuper
724 2865 780 2914 poe·
811 2858 936 2914 argentum
948 2864 964 2897 a
977 2847 1079 2896 domino.
1093 2847 1151 2895 Nam
1164 2846 1255 2896 fefellit
1270 2845 1311 2894 do-

279 2939 328 2980 tum
344 2933 388 2999 qui
403 2931 509 2997 dixerat,
526 2935 687 2982 Praetorium
702 2935 732 2982 s'a
744 2936 781 2983 ci·
812 2934 903 2983 minum
919 2943 944 2983 et
963 2935 1055 3000 accepit
1074 2931 1105 2982 ab
1122 2949 1149 2981 eo
1165 2933 1260 2999 argenti
1275 2941 1310 2980 ta·

278 3026 321 3066 sta
332 3033 415 3068 maras
426 3035 508 3069 rosere
521 3020 630 3068 Camilli.
643 3020 674 3068 lt
683 3019 779 3085 Virgilii
810 3020 920 3084 lentum,
945 3021 995 3069 fuit
1010 3021 1073 3069 cuim
1089 3018 1149 3067 haec
1164 3018 1245 3068 eadem
1262 3034 1311 3067 me·

278 3104 393 3152 miramur
415 3104 479 3153 illud
497 3107 575 3170 Saepe
589 3105 696 3171 erigatur
710 3120 780 3153 maa:
812 3107 926 3155 ranicula
941 3122 1029 3172 rapax,
1050 3114 1080 3153 nt
1095 3103 1181 3167 mais,
1197 3120 1257 3171 quae
1273 3103 1311 3152 lu·

279 3203 334 3236 nam
356 3188 480 3254 epitheton
501 3192 607 3257 erigam
626 3200 709 3256 aptum
724 3207 778 3256 pro·
810 3192 970 3264 crumsacit.{’
983 3190 1168 3257 Wytenlrachius
1175 3190 1309 3260 annotavit:

278 3273 358 3338 prium
378 3273 476 3339 offecit,
500 3292 530 3324 ne
554 3275 610 3342 plns
633 3286 780 3342 exspectare·
813 3277 911 3325 »Davus
927 3275 1061 3343 ethtlrias
1076 3286 1132 3325 sunt
1147 3274 1243 3341 quidem
1258 3291 1311 3339 per

152 3373 171 3392 v
225 3395 232 3402 .
279 3367 459 3421 mus‚etcasns
468 3361 595 3427 singularis
604 3354 780 3428 magisdecuit‚
813 3378 882 3411 sonae
896 3362 1079 3411 in‘l'erentianis
1092 3360 1193 3410 fabulis:
1209 3357 1251 3407 sed
1264 3358 1310 3408 lroc

281 3453 308 3492 et
326 3443 432 3493 clausula
446 3446 499 3511 ipsa
514 3447 586 3494 unius
600 3446 721 3514 syllabae,
736 3465 784 3497 non
817 3445 846 3495 de
868 3457 976 3496 emuncto
997 3447 1090 3496 Simone
1110 3462 1153 3513 per
1171 3442 1310 3511 Pythisdem

280 3530 386 3594 usitata,
415 3528 508 3578 addidit
536 3532 669 3597 gratiam.”
702 3536 781 3582 Parca
813 3549 860 3582 non
875 3532 911 3582 ibi
925 3543 1011 3583 exstat.
1027 3532 1157 3581 Scholiasta
1167 3529 1264 3597 Cruquii
1279 3547 1309 3580 ex

280 3631 366 3681 nempe
379 3616 457 3665 minus
469 3615 606 3683 quotidiano
616 3634 721 3668 sermone
732 3620 781 3668 fre·
811 3618 904 3668 Lucilio
919 3628 1023 3668 sumtum
1038 3615 1129 3666 scribit.
1146 3616 1213 3665 Forte
1229 3616 1310 3683 legen·
1350 3606 1358 3617 ⁷

283 3712 412 3768 quantacun
431 3718 502 3768 quam
516 3717 621 3766 porcam.¹
642 3705 709 3751 cirta
729 3713 781 3753 erat
813 3703 870 3753 dnm
892 3706 1027 3754 ommia?
1050 3703 1194 3767 Quamquam
1214 3699 1259 3751 lroo
1280 3701 1310 3751 de

280 3786 391 3854 vulgata,
413 3803 496 3836 mares
510 3789 561 3837 aine
577 3787 684 3853 epitheto
706 3798 731 3837 et
745 3790 780 3837 sic
813 3789 903 3839 talento
923 3791 976 3839 fieri
991 3787 1071 3854 potuit
1085 3788 1112 3835 in
1127 3785 1252 3852 deperdita
1266 3787 1311 3837 ali·

280 3872 307 3921 in
328 3890 426 3922 numeru
450 3873 555 3939 plurali,
580 3873 637 3923 vile.
662 3873 781 3939 Longinus
812 3870 1222 3942 qua'lcrentiifabula‚probabilis
1231 3883 1310 3922 tamen

281 3954 295 4019 β
309 3958 350 4007 4³.
378 3958 443 4027 accpi
465 3959 624 4027 μικρότητος
645 3958 780 4030 decadem
812 3970 849 4010 eat
861 3958 1006 4018 amendatio;
1020 3957 1129 4025 illudque
1142 3975 1226 4008 nomen
1238 3974 1308 4025 saepe

279 4040 467 4112 iuTheopompo
480 4044 634 4111 reprehendit
649 4044 778 4104 τοὺςθυ-
810 4057 947 4113 corruptum
971 4054 1008 4094 cst
1030 4045 1056 4093 in
1081 4045 1221 4107 Caelitiaa,
1245 4043 1308 4093 unde

280 4123 379 4184 λύκους
395 4130 442 4178 καὶ
458 4132 494 4181 τὰ
510 4130 655 4198 ἀρτύματα
672 4131 719 4182 sal
739 4132 776 4182 τὰ
807 4131 923 4182 facillime
950 4131 980 4180 fit
1008 4131 1139 4194 Murra,
1172 4129 1308 4179 notissimus
