3009 5000
521 530 581 588 Al)
612 530 828 592 PISONES.
1027 530 1033 539 '
1125 528 1183 590 193

172 731 330 825 Turpiter
354 729 514 822 obticuit,
540 729 676 802 sublato
696 732 771 801 iure
795 729 947 802 nocendi.
1094 740 1182 815 284.

171 849 226 919 Nil
250 850 451 919 intentatum
475 851 581 919 nostri
607 850 737 944 liquere
761 857 897 945 poetae:
1097 858 1181 922 285.

171 968 240 1038 Nee
261 968 438 1038 minimum
458 992 610 1039 meruere
634 968 737 1039 decus
763 969 898 1062 vestigia
923 967 1049 1039 Graeca
1099 978 1182 1043 286.

92 1113 95 1118 ·
170 1083 254 1155 Ausi
275 1085 425 1156 deserere
448 1096 482 1156 et
501 1085 672 1158 celebrare
694 1070 875 1157 domestica
898 1085 1004 1173 lactu,
1102 1093 1184 1158 287.

173 1203 234 1274 Vel
259 1205 318 1297 qui
343 1214 548 1298 praetextae,
574 1204 627 1274 vel
649 1206 708 1298 qui
730 1205 876 1276 docuere
900 1212 1041 1298 togatas.
1101 1213 1185 1276 288.

173 1325 243 1394 Ν33
265 1324 388 1393 virtuto
411 1323 499 1394 foret
522 1323 661 1394 clarisve
685 1325 856 1418 potentius
884 1324 1006 1412 armis,
1101 1333 1184 1396 289.

173 1442 283 1530 Quam
305 1441 436 1534 lingua,
456 1441 605 1531 Latium,
618 1444 645 1511 si
664 1466 734 1513 nou
752 1441 938 1513 offenderet
953 1465 1073 1512 unum·
1100 1450 1182 1513 290.

172 1560 349 1652 Quemque
365 1569 542 1654 poetarum
559 1560 658 1631 limae
674 1559 771 1631 labor
786 1567 820 1631 et
836 1583 939 1629 mora.
959 1560 1077 1649 Vos,o
1102 1570 1191 1659 291.

172 1678 360 1772 Pompilius
369 1681 515 1773 sanguia
523 1658 658 1749 carmen
668 1677 912 1773 reprehendite,
923 1677 1016 1771 quod
1026 1701 1094 1748 non
1104 1688 1186 1750 292.

175 1795 284 1866 Multa
303 1795 374 1866 dies
394 1807 429 1866 et
447 1797 555 1867 multa
578 1776 680 1867 litura
702 1797 870 1884 coercuit,
896 1803 998 1888 atque
1105 1805 1187 1869 293.
1207 1846 1209 1851 -

164 1894 389 1984 'Praeoeotum
409 1914 518 1986 decies
542 1940 610 1986 non
633 1915 806 2009 castigavit
829 1913 873 1984 od
894 1938 1052 2007 unguem.
1106 1924 1186 1986 294.

663 2111 702 2181 V.

177 2269 332 2342 Carmine
353 2272 411 2364 qui
434 2271 561 2364 tragico
582 2269 683 2340 vilem
701 2272 841 2339 certavit
863 2269 908 2340 ob
928 2270 1078 2365 hircum,
1106 2280 1187 2342 229.

177 2390 255 2460 Mox
276 2391 375 2460 etiam
397 2397 542 2482 agrestes
563 2390 622 2459 sat
607 2395 701 2482 tyros
724 2388 929 2479 nudavit‚e
910 2397 1062 2483 etasper
1109 2397 1190 2460 221.

177 2508 344 2580 Incolumi
368 2509 560 2603 gravitate
551 2532 663 2579 recum
685 2508 825 2578 tentarit
849 2531 888 2578 eo
897 2508 1028 2601 ‚quod
1112 2517 1196 2580 222.

180 2626 350 2699 llleoebris
370 2635 443 2699 erat
466 2635 500 2698 et
521 2634 617 2721 grata
641 2627 789 2698 novitate
813 2625 996 2698 morandus
1110 2636 1193 2699 223.

180 2746 369 2838 Spectator,
388 2746 595 2841 functusque
611 2746 730 2835 saeris,
747 2752 782 2815 et
796 2753 916 2839 potus,
937 2753 972 2816 38
983 2745 1091 2816 exlex.
1109 2756 1192 2817 224,

119 3015 124 3024 “
173 3020 270 3077 sponte,
284 3009 326 3060 ced
338 3010 463 3060 formidine
475 3027 573 3077 poenae.
591 3012 671 3060 Horat.
939 3012 966 3061 l.

173 3097 247 3161 Epist.
256 3093 293 3157 ll,
309 3091 332 3158 Ι,
346 3097 402 3144 loa.
416 3103 511 3144 vertere
522 3097 674 3156 medumser·

173 3180 360 3242 midinesustis
371 3181 412 3229 Ad
423 3182 480 3228 lene
492 3181 621 3229 dicendum
633 3182 674 3229 de·
705 3183 748 3229 Ex
763 3182 869 3246 Tragion
884 3182 994 3230 cumino
1010 3189 1091 3231 ortum
1106 3190 1146 3232 338
1161 3184 1207 3232 Sc·

175 3267 359 3330 luctandumque
372 3266 476 3315 reducti.
726 3269 842 3331 cyricum.
859 3266 927 3325 Quid
934 3269 965 3315 in
977 3268 1076 3316 8833388
1085 3283 1190 3333 genero,

208 3354 366 3402 praetactas.
384 3350 408 3400 si
421 3352 475 3417 quis
486 3361 556 3417 putet
568 3351 613 3401 hoc
626 3368 675 3400 me·
762 3352 823 3415 quid
834 3352 864 3399 iu
876 3352 959 3401 decoro
975 3353 1157 3403 observandum.

167 3425 217 3488 ‘tro
235 3456 284 3488 3333
301 3436 383 3486 ilatum
396 3453 438 3502 pro
447 3445 639 3501 praetextatas,
656 3439 678 3486 is
1031 3421 1032 3426 ¹

176 3524 257 3574 rideat
277 3521 467 3588 Oudendorpium
488 3521 519 3569 ad
538 3522 677 3572 Suetonium
740 3523 802 3570 8133
818 3523 896 3571 etium
912 3531 1025 3589 agrestes
1045 3526 1151 3588 Satyros
1165 3539 1210 3573 uu.-

176 3613 202 3660 in
209 3611 263 3659 lits
271 3609 345 3658 Persii
352 3625 377 3673 p.
387 3609 458 3656 loos.
467 3607 563 3656 Horatio
575 3606 677 3656 scribere
710 3606 789 3655 davit.
807 3606 873 3671 Quod
893 3624 965 3674 supra
980 3608 1145 3675 corrigendum
1160 3625 1211 3660 eme

176 3695 298 3744 licuisset:
326 3694 369 3741 Vel
386 3699 563 3758 praetextatus
580 3694 620 3739 338
633 3693 678 3756 qui
708 3692 801 3757 putari·
826 3694 931 3757 Satyros
958 3695 1077 3757 inducit,
1109 3693 1155 3743 hoc
1184 3696 1212 3746 iu

177 3782 276 3829 docuere
301 3787 408 3844 togatus.
442 3777 497 3826 Soni
521 3775 627 3839 ejusdem
650 3778 676 3825 in
709 3777 840 3842 exemplari
853 3795 895 3827 suo
911 3778 1021 3829 hahuisse
1037 3779 1132 3829 videtur
1146 3780 1211 3830 Gom-

178 3864 259 3913 eodem
287 3880 357 3926 versu
389 3865 425 3912 ita
450 3863 549 3928 repetiti
570 3869 628 3909 utos
642 3888 675 3897 —
707 3872 838 3911 mentator:
860 3866 1038 3928 3333338333,
1060 3865 1212 3926 describere,

178 3957 235 3998 3833
251 3947 327 3998 mults
336 3949 490 3997 inveniuntur
498 3946 587 4014 ubique
597 3963 675 3995 exem·
706 3949 853 4010 insinuare,
868 3949 993 3997 iuducere.

178 4036 228 4103 plu.
741 4033 877 4083 moreau.
894 4033 956 4082 uss.
971 4032 1213 4101 quaedumnpudllo·

212 4121 290 4180 Quom
314 4121 418 4185 lingum,
443 4121 553 4168 Latium.
579 4120 606 4167 ln
630 4117 676 4167 ns
708 4116 797 4196 notlnm
814 4120 963 4182 incelebris,
988 4130 1045 4169 noto
1061 4122 1212 4188 transpositu·

179 4206 303 4255 llrenckm.
319 4206 398 4263 Quam
412 4207 515 4254 Latium
530 4206 647 4274 lingua.
713 4187 767 4251 rum
783 4202 906 4253 literarum
921 4222 1007 4255 errore.

1045 4303 1088 4366 13
