3009 5000
286 506 345 569 112
548 507 763 569 uoaltll
792 507 1040 568 EPISTULA

311 708 449 781 Vicinus
472 717 608 803 peccata
632 721 748 805 putem
772 732 847 780 mea
873 715 970 780 tutus
997 718 1031 780 et
1053 711 1140 780 intra

283 933 780 1000 pretatiocnmseqnentibnspugnattqui
812 933 928 981 conficere
949 932 1015 981 licet.
1049 932 1164 981 Sirenios
1180 931 1224 980 ille
1243 947 1311 980 enar-

282 1020 345 1067 enim
369 1018 591 1082 accurate-scribit,
616 1018 679 1066 omni
697 1034 780 1082 peeca-
811 1028 861 1066 rat:
886 1021 928 1069 Aa
948 1018 1018 1065 debeo
1039 1034 1140 1091 secunao
1161 1033 1225 1080 esee,
1251 1018 1312 1065 deta

282 1114 360 1152 torum
372 1107 442 1154 venia
461 1104 507 1153 sibi
527 1098 644 1170 praecisa,
668 1120 715 1152 non
731 1105 782 1151 cul·
815 1106 901 1166 reaia,
916 1105 1022 1169 quomis
1033 1106 1116 1168 palam
1127 1111 1200 1152 mat
1209 1110 1312 1167 peccata

278 1206 339 1255 pum
352 1190 421 1239 modo
437 1193 518 1252 citat,
533 1189 575 1239 seri
588 1199 612 1237 et
626 1189 721 1237 laedere
734 1205 783 1237 me-
814 1187 890 1237 mea?
905 1189 1088 1255 Gerteqnihaec
1096 1187 1311 1251 commentabatur,

283 1283 362 1325 retur.
380 1276 495 1324 Nimirum
514 1291 555 1336 ea,
577 1290 648 1339 quam
672 1276 720 1323 iam
740 1273 782 1322 ad·
814 1291 861 1323 non
876 1291 923 1337 aa,
937 1292 1020 1323 verum
1033 1283 1075 1337 at,
1091 1277 1154 1324 sicut
1169 1292 1212 1323 uos
1225 1273 1311 1336 hodie,

284 1363 420 1422 scierimus,
434 1360 506 1407 lectio
519 1359 570 1406 sola
582 1376 632 1408 rem
644 1376 735 1408 omnem
745 1376 785 1408 ex·
818 1358 921 1425 legebat.
939 1360 1097 1409 BENTLElVS.

284 1446 364 1512 pedit:
383 1448 463 1493 Tetus
477 1454 502 1492 et
515 1445 657 1507 intantum,
672 1456 782 1507 eatenus,
847 1445 936 1493 Multae
954 1445 1110 1494 difficultates
1128 1447 1153 1493 in
1167 1443 1314 1510 explicandis

283 1532 398 1580 hactenus
413 1537 515 1592 cautas,
532 1540 561 1578 ut
572 1532 665 1579 veniam
681 1530 783 1579 nonde·
815 1530 967 1579 Semonibus
984 1542 1009 1579 et
1028 1531 1137 1597 Epistolis
1158 1534 1268 1579 oriuntur
1284 1548 1314 1580 ex

284 1632 386 1682 sperem,
403 1617 447 1663 etsi
463 1632 542 1663 omnes
555 1633 607 1664 mea
620 1626 718 1683 peccata
728 1617 780 1665 ani·
813 1633 855 1679 eo,
864 1616 928 1682 quod
934 1617 1044 1665 Horatius
1052 1633 1125 1683 quum
1136 1618 1314 1682 fingitinterro·

284 1699 445 1749 madversnros
467 1701 607 1750 existimem.
637 1701 705 1750 Vides
721 1704 783 1764 iam,
817 1704 937 1767 gationes,
952 1713 977 1750 et
994 1703 1043 1767 ipse
1063 1702 1129 1750 addit
1142 1700 1314 1766 subiectiones,

284 1785 343 1852 qnid
369 1785 415 1834 sibi
435 1785 495 1835 velit
517 1789 589 1835 intra
610 1803 677 1852 spera
697 1788 784 1835 veniae
817 1788 907 1834 omittit
923 1797 1032 1835 consueta
1046 1786 1101 1836 illa:
1121 1795 1163 1849 at,
1177 1788 1232 1849 sed,
1249 1787 1317 1835 dicet

285 1879 381 1920 cautae.
414 1871 445 1919 lt
460 1873 573 1920 mirificus
596 1872 667 1937 plane
692 1882 728 1920 est
744 1873 789 1919 Da-
821 1873 928 1934 aliquis,
942 1874 1072 1935 disertio,
1086 1872 1317 1932 amnallifortasse

286 1959 386 2020 cierius,
411 1959 453 2023 qui
474 1956 582 2006 Lambini
598 1957 694 2023 quidem
719 1973 786 2005 enar·
818 1958 916 2018 dicent,
933 1957 1028 2005 similia.
1045 1959 1076 2005 Ea
1093 1957 1222 2005 obscuritas
1238 1959 1263 2005 in
1280 1975 1317 2006 re·

285 2046 400 2093 rationem
410 2046 531 2109 sequitur,
547 2045 638 2091 retinet
654 2051 733 2090 nmen
745 2043 786 2089 ia-
819 2044 931 2091 citatione
940 2043 1016 2090 minor
1028 2054 1077 2105 est,
1091 2060 1161 2108 qnam
1170 2045 1196 2091 in
1204 2043 1316 2092 lectione.

251 2159 254 2163 .
288 2137 344 2190 tra,·
359 2128 531 2194 contenditqne
550 2130 620 2176 iutra
636 2143 719 2192 spera,
737 2145 792 2193 per·
823 2126 1020 2190 Poetanunc,de
1033 2127 1192 2197 modulatione
1207 2144 1317 2176 versuum

285 2213 341 2268 inde
361 2231 409 2263 esse
432 2232 458 2263 ac
478 2222 550 2262 cetra
566 2229 645 2278 epea,
666 2215 715 2262 sive
731 2214 788 2262 siae
819 2230 904 2279 agens,
919 2212 956 2262 bie
970 2222 1051 2262 contra
1061 2216 1254 2279 perspicuitatem
1263 2222 1319 2280 pec-j

287 2316 330 2365 spe
342 2301 436 2351 veniae.
453 2300 589 2365 arrigamus
605 2316 687 2363 aures,
702 2309 730 2348 nt
745 2316 788 2348 no·
821 2301 891 2348 eavit.
910 2297 1047 2364 Alloquitur
1063 2300 1164 2348 Pisones.
1181 2301 1241 2364 Ergo
1256 2300 1319 2348 l’iso·

287 2402 343 2436 tum
356 2386 401 2436 hoc
415 2397 440 2436 et
452 2386 587 2435 inauditum
595 2385 697 2434 velsero
711 2384 786 2434 disca-
818 2402 860 2434 nes
871 2387 916 2433 ista
926 2385 1023 2434 Horatio
1034 2396 1164 2451 opponunt.
1182 2385 1318 2435 Dividamus

287 2488 347 2523 mus.
364 2472 415 2534 Sic,
441 2473 532 2538 inquit,
555 2470 620 2536 apud
638 2471 732 2519 Florum
748 2472 788 2518 e'a-
820 2487 949 2519 sermonem
966 2471 1058 2519 Horatii
1074 2481 1098 2519 et
1114 2472 1237 2536 Pisonum,
1254 2470 1319 2521 addi·

289 2566 331 2606 tra
340 2559 449 2622 gloriam
463 2556 526 2605 idem
543 2566 616 2604 eatae
629 2556 786 2619 sioegtaea.
821 2557 852 2602 tis
865 2554 1011 2603 nominibus:
1033 2556 1178 2607 noturus.
1197 2560 1237 2605 laic
1250 2566 1275 2606 et
1290 2559 1319 2605 ia

287 2644 336 2690 lloc
351 2658 406 2690 vero
419 2643 460 2690 vix
473 2642 551 2688 minus
562 2639 724 2688 admirandum
737 2650 785 2703 est,
819 2639 880 2689 Acct⁴
902 2641 1035 2689 Nobilitas
1057 2644 1183 2692 trimetris
1199 2659 1320 2709 appareres

290 2708 362 2794 quam
374 2725 438 2775 illud
451 2726 562 2775 alterum.
580 2724 703 2773 Videamus
714 2725 792 2773 locum
825 2742 900 2775 rarres
923 2734 949 2774 ct
965 2724 1048 2789 Errat,
1070 2728 1101 2776 In
1120 2744 1216 2777 scenam
1232 2731 1321 2777 missos
1387 2717 1389 2722 ’

288 2814 315 2876 l,
331 2814 356 2862 3.
374 2810 417 2860 nbi
430 2811 459 2860 de
477 2813 574 2860 Horatio
589 2813 682 2877 agitur,
699 2813 742 2877 qui
755 2829 791 2860 so·
822 2828 876 2860 cum
891 2813 1092 2877 magnopondcre
1105 2830 1192 2863 ocrem
1201 2815 1254 2865 Aut
1270 2830 1322 2880 ope·

246 2959 253 2963 ⁴
288 2916 366 2948 rorem
392 2907 445 2965 post
474 2900 525 2946 eius
548 2899 671 2946 victoriam
695 2897 794 2946 flentem
826 2913 869 2945 rae
885 2899 974 2946 celeris
994 2900 1101 2947 nimiam
1120 2916 1226 2964 caraque
1239 2916 1322 2948 caren-

289 2986 354 3033 serro
370 2982 501 3033 occiderat:
529 2984 644 3032 Citavere
660 2984 727 3047 teges
747 2999 790 3030 ae-
824 2985 873 3046 tie,
890 2984 944 3033 Aut
952 2986 1084 3050 ignoratae
1093 2989 1189 3050 presa&
1197 2987 1322 3035 artiseri-

284 3071 347 3133 fus:
379 3070 423 3119 sed
444 3071 552 3118 abstulit
575 3070 659 3117 cirtae
680 3070 792 3132 porrtci-
823 3072 890 3118 mine
909 3073 987 3134 turpi.
1013 3070 1133 3120 PISONFS.
1158 3073 1215 3120 Noa
1238 3073 1323 3136 quivis

291 3157 362 3217 dara5
379 3156 517 3216 etfaciam
526 3157 598 3203 intra
610 3154 792 3219 gloriemfiec't.
825 3156 895 3203 videt
917 3156 1079 3207 immaculata
1097 3164 1212 3221 poemata
1232 3158 1323 3206 iudea:

291 3240 354 3305 Quid
374 3242 446 3306 ergo?
471 3258 501 3290 an
524 3240 569 3288 hoe
583 3242 638 3288 siae
650 3241 735 3304 gloria
754 3241 792 3288 in·
823 3241 876 3288 Nec
893 3241 955 3288 data
976 3242 1095 3290 Roaraao's
1111 3245 1184 3290 omia
1203 3251 1241 3291 est
1256 3243 1325 3290 enei-

291 3324 494 3392 terpretabimnr?
506 3325 632 3374 Haudvidi
645 3326 727 3390 magis.
741 3326 792 3373 lmo
821 3342 875 3391 grta
883 3327 975 3390 poetis.
989 3326 1135 3376 HORlTlVS.
1148 3328 1274 3376 Idcircaae
1282 3343 1324 3375 oa·

290 3410 354 3460 idem
375 3409 519 3472 hic'iatra,
542 3409 605 3476 quod
626 3409 715 3476 ubique
732 3411 792 3459 alias
821 3427 869 3476 ger
893 3413 1043 3475 scribamque
1061 3414 1178 3474 licenter,
1202 3418 1227 3459 et
1244 3428 1325 3462 ornnes

290 3497 417 3563 significat.
428 3496 527 3543 Facinus
535 3495 606 3543 intra
611 3498 720 3560 gloriam
729 3497 790 3558 fuit,
828 3497 928 3545 Visuros
940 3507 1045 3562 peccata
1060 3505 1148 3562 putem
1169 3498 1235 3545 haud
1249 3496 1325 3546 mea?

291 3599 339 3632 non
361 3565 460 3631 excessit
484 3581 597 3629 victoriae
615 3581 728 3646 gloriam,
748 3581 791 3629 ob-
824 3583 905 3631 Tutus
924 3585 1034 3631 etintra
1050 3585 1122 3646 Spera
1138 3585 1223 3630 veniae
1236 3591 1325 3633 caetae

291 3668 431 3718 ruebatura
446 3666 536 3733 gloria,
553 3668 586 3714 sic
600 3676 627 3714 ut
643 3683 698 3714 reus
714 3665 791 3714 absol·
823 3669 907 3716 vitare*
931 3670 1035 3732 deraque
1059 3670 1168 3731 celatam,
1192 3668 1251 3717 Noa
1273 3672 1326 3719 lace·

291 3765 395 3804 veretur.
417 3752 447 3800 lt
464 3753 485 3800 si
502 3753 557 3799 siae
566 3753 652 3816 gloria
667 3762 717 3799 erat
734 3753 793 3800 faci·
826 3754 879 3801 dem
894 3757 982 3802 menei.
1004 3755 1048 3801 Vos
1063 3755 1215 3817 compara
1233 3758 1326 3805 Graeca

291 3856 350 3903 nus,
368 3840 453 3888 mirum
467 3835 539 3898 adeo,
556 3836 583 3883 ni
599 3853 653 3884 rens
672 3834 793 3886 damnare-
825 3840 954 3888 Nocturna
968 3846 1063 3886 versate
1072 3854 1161 3902 mana,
1176 3849 1274 3891 versate
1286 3844 1324 3891 di·

292 3934 340 3976 tur.
357 3927 480 3974 lacessant
492 3923 568 3988 igitur
576 3920 733 3971 febriculosae
750 3940 791 3972 ex·
822 3941 894 3974 aerae.
918 3923 1039 3972 PISONES.
1073 3924 1110 3973 Ac
1133 3928 1217 3974 nostri
1235 3929 1326 3992 proavi

293 4009 446 4075 plicationes3
465 4019 490 4056 et
505 4024 561 4056 vera
578 4006 680 4056 lectione
696 4017 792 4073 reperta
825 4011 959 4058 Plautinos
974 4016 1000 4056 et
1016 4019 1169 4059 aamercort
1185 4013 1326 4061 laudomc

293 4097 496 4161 conquiescamus:
519 4109 589 4159 quam
609 4103 634 4141 et
647 4091 792 4141 scholiastae
824 4097 897 4143 sales.
911 4093 1056 4143 nostrus,
1069 4096 1185 4144 Nimiam
1192 4099 1324 4161 patienter

293 4179 351 4230 olim
374 4180 459 4229 letoni
482 4180 601 4244 cognitam
617 4188 642 4225 et
666 4176 789 4242 probatam
821 4188 966 4243 atrumque,
983 4179 1023 4227 Ne
1038 4181 1121 4230 dicam
1136 4183 1229 4243 stulte,
1245 4182 1324 4231 mira-
