3009 5000
291 504 348 565 142
549 503 764 587 non-nnn
795 502 1040 565 nrlsrorn

323 706 454 776 Ducere
475 728 546 797 quo
567 705 678 775 vellet.
702 704 781 775 Fuit
799 703 883 774 haec
903 706 1064 800 sapientia
1084 706 1271 799 quondam,

316 822 463 895 Publica
484 822 621 917 privatis
645 845 834 913 secernere,
859 845 953 892 sacra
974 824 1145 919 proiani83

316 940 510 1013 Concubitu
533 941 713 1037 prohibere
737 965 845 1035 vag0,
870 939 950 1012 dare
973 943 1047 1012 iura
1070 942 1218 1031 mariti33

317 1060 450 1157 Oppida
471 1061 602 1150 moliri,
628 1060 718 1155 leges
746 1060 892 1131 incidere
911 1060 1021 1154 liguo:

317 1181 372 1253 Sic
397 1180 506 1251 honor
529 1188 564 1249 et
587 1203 709 1250 nomen
732 1178 854 1249 divinis
879 1178 1011 1249 vatibus
1037 1189 1141 1275 atque

318 1298 530 1371 Carminibus
549 1299 650 1368 venit.
675 1297 756 1368 Post
779 1297 842 1369 hos
869 1299 1007 1393 insignis
1028 1299 1214 1391 HomeruS,

286 1533 323 1573 ert
337 1522 440 1573 Amiano
448 1555 456 1580 ,
474 1538 504 1570 ex
518 1521 670 1584 Turooihus,
691 1523 784 1587 Tersas,
817 1536 888 1587 quam
901 1522 982 1570 insani
997 1525 1072 1588 magis
1086 1522 1230 1585 ridiculum,
1246 1539 1316 1590 quam

286 1625 317 1658 ex
332 1609 449 1671 Rhamis,
466 1608 583 1655 ntaims:
596 1607 643 1655 nisi
656 1606 720 1655 dicas
735 1623 785 1655 ease
817 1608 944 1673 imaginem
965 1607 1084 1672 hominis,
1108 1626 1165 1659 saxa
1181 1625 1255 1674 precs
1272 1607 1316 1657 du-

285 1695 502 1762 pronuntiatianem
514 1701 639 1742 mutatam.
653 1692 700 1745 ssd
709 1694 787 1741 sentio
820 1693 903 1741 centis.
921 1693 982 1743 Saxa
998 1702 1074 1743 anuto
1089 1698 1196 1759 omnem,
1213 1694 1277 1746 cadit
1290 1697 1317 1744 in

285 1797 324 1830 me
347 1779 521 1847 imprudentem
541 1778 645 1827 ulterius
660 1795 709 1828 ease
731 1795 786 1845 pro·
818 1780 944 1828 infantiam
965 1778 1064 1830 humani
1084 1782 1184 1847 ingenii.
1209 1781 1316 1830 Alterum

285 1883 404 1934 gressum,
427 1882 497 1932 quam
517 1867 587 1914 initio
609 1881 785 1931 proposueram,
818 1865 881 1914 illud
900 1864 931 1913 ab
954 1867 1018 1914 omni
1038 1868 1129 1916 ratione
1146 1866 1266 1916 abhorret.
1288 1868 1317 1914 Et

285 1954 348 2002 Haec
385 1962 465 2001 autem
498 1950 617 2017 disputavi
646 1952 785 2016 interpretis
817 1950 877 2016 quid
892 1967 952 2017 opus
969 1962 1020 2000 erat
1031 1969 1118 2016 praee,
1139 1952 1183 2002 ubi
1196 1970 1253 2003 saxa
1269 1955 1316 2001 iam

287 2055 383 2101 caussa,
404 2038 447 2103 qui
462 2047 527 2086 recte
544 2036 640 2102 quidem
658 2037 785 2084 nomam
817 2052 874 2084 sono
904 2035 1030 2086 testudinis
1054 2037 1228 2087 movebantur?
1256 2040 1317 2104 ibgo

286 2125 398 2173 conditor
413 2124 484 2170 urhis
493 2121 565 2170 alteri
577 2123 709 2185 scripturae
718 2123 787 2170 orcis
818 2123 970 2190 idusieanon
985 2122 1131 2185 sufficiehat,
1157 2132 1182 2171 et
1198 2123 1316 2189 Amphion

286 2210 417 2278 praetulit,
432 2207 564 2257 sedtamsn
577 2209 608 2257 iis
620 2209 708 2256 nititur
721 2223 791 2273 argu·
823 2210 881 2256 artis
901 2225 958 2257 suae
979 2208 1129 2258 mediocriter
1149 2218 1200 2257 erat
1215 2211 1318 2275 peritus.

287 2298 387 2360 mentis,
407 2312 468 2362 qnae
493 2293 603 2361 equidem
621 2292 721 2360 probare
739 2311 788 2342 non
819 2295 882 2343 Eiice
899 2294 998 2359 exten,
1016 2305 1041 2344 et
1056 2311 1144 2361 repone
1158 2295 1231 2344 FIDE.
1249 2297 1318 2344 &aa

286 2401 389 2451 possum.
430 2380 561 2445 »Cadmus,
581 2382 675 2447 inquit,
696 2379 789 2428 ‘lhebas
820 2397 914 2429 meam
928 2398 986 2429 sono
1002 2383 1139 2430 testudinis
1151 2389 1178 2430 et
1184 2382 1239 2442 fide
1251 2383 1318 2430 than·

286 2470 425 2527 constitnit;
444 2485 482 2517 ens
496 2484 562 2515 muro
574 2468 651 2515 cinxit
662 2466 788 2531 Amphion.
821 2467 853 2514 do
869 2468 977 2529 Docere,
999 2483 1045 2529 qua
1061 2470 1142 2516 vallet.
1165 2468 1276 2518 Horatius
1292 2477 1317 2517 et

286 2557 411 2615 Arauris,
437 2563 461 2600 et
483 2551 590 2599 turribus
606 2549 706 2612 deinde,
728 2551 788 2598 inci·
820 2550 863 2597 alii
871 2552 926 2611 fide
941 2554 975 2600 sic
991 2568 1061 2616 saepe
1074 2563 1216 2617 posuerunt:
1232 2556 1317 2604 blanda

286 2642 358 2706 piunt
373 2636 453 2686 urbas.
479 2636 604 2701 Progressa
620 2622 732 2699 temporis
744 2633 789 2682 ali·
813 2636 881 2697 fido,
903 2644 931 2683 ut
951 2635 1014 2685 idem
1034 2636 1109 2687 Garm.
1125 2639 1150 2701 I,
1167 2641 1207 2688 12.
1230 2640 1259 2690 de
1277 2642 1317 2690 Or·

287 2723 344 2773 cubi
360 2739 408 2772 orn
423 2725 449 2771 in
466 2737 555 2770 summo
570 2719 788 2769 constituebatur.”
820 2719 898 2787 pheo,
915 2738 984 2787 quem
1001 2721 1084 2771 laudat
1098 2724 1221 2774 Blandum
1235 2736 1262 2775 et
1274 2743 1316 2775 au·

286 2811 390 2860 Historia
410 2809 553 2857 Graecorum
573 2806 641 2854 uobis
663 2806 735 2855 aliam
752 2824 791 2856 ra·
821 2808 891 2855 ritae
906 2807 1003 2868 fidibus
1019 2812 1117 2858 concode
1131 2812 1227 2860 Docere
1247 2828 1316 2876 puer·

286 2899 375 2947 tionem
384 2899 479 2945 arcium
490 2892 664 2943 condendarum
672 2891 785 2942 ostendit.
818 2909 870 2941 ease.
900 2892 1025 2959 Eleganter
1043 2911 1112 2960 porro
1132 2913 1190 2946 suero
1212 2898 1316 2947 testudi-

317 2985 387 3034 Saeo
408 2996 502 3031 movere
526 2996 584 3028 sono
608 2978 746 3026 testudinis
762 2986 788 3026 et
819 2980 958 3041 nisetfids
972 2981 1314 3050 thado,quasiperfignram

283 3086 356 3136 prece
369 3069 458 3117 blondo
465 3070 561 3116 Demere
575 3079 620 3128 quo
628 3065 710 3112 vallat.
719 3063 786 3127 Quod
817 3064 971 3131 Hendiadyn,
982 3082 1024 3130 pro
1038 3083 1080 3130 eo,
1090 3067 1152 3134 quod
1162 3079 1214 3118 erat
1225 3070 1315 3135 simpli·

285 3155 315 3204 de
335 3153 466 3220 Amphione
487 3151 603 3213 traditur,
625 3159 661 3198 est
680 3148 785 3214 mythos.
819 3152 883 3214 cius,
901 3152 986 3199 tundo
997 3154 1153 3215 eonofidium
1165 3158 1316 3205 testudineo-

285 3239 347 3289 Saxa
358 3241 431 3288 movit
444 3248 469 3287 et
482 3237 566 3300 duxit,
584 3252 631 3302 quo
646 3235 736 3297 vellet,
750 3252 786 3283 so·
818 3252 882 3285 mun.
895 3236 980 3288 Verum
993 3239 1029 3286 ita
1037 3250 1121 3304 poetam
1131 3256 1211 3306 nequa
1218 3252 1316 3307 propter

283 3341 313 3374 no
332 3322 466 3373 testudinis.
498 3324 547 3371 Hoc
565 3323 675 3370 convenit
690 3321 787 3387 ingenio
819 3329 921 3368 metrum
937 3321 1004 3387 loqui
1012 3333 1139 3388 poteraut,
1158 3342 1216 3387 nec,
1234 3327 1315 3390 sipos-

282 3409 428 3477 mythorum.
451 3410 537 3456 Discit
548 3422 621 3472 prece
637 3407 738 3469 blundo,
756 3405 787 3454 de
819 3416 885 3468 sent,
902 3406 994 3455 vellent
1010 3420 1052 3458 ant
1068 3408 1190 3458 deberent.
1213 3409 1315 3459 Pulchre

282 3494 403 3562 lapidibus
421 3492 469 3542 dici
486 3509 533 3541 non
546 3502 637 3558 potest,
654 3492 695 3541 sed
707 3494 782 3557 perti·
814 3490 932 3540 Palladius
948 3492 1086 3559 allegoriam
1099 3494 1191 3560 >Orphei
1207 3494 1312 3561 explica·

211 3599 213 3608 ’
283 3579 363 3631 netad
374 3578 557 3645 explicationem
565 3577 651 3644 mythi.
665 3576 783 3643 Amphion
814 3576 858 3625 vit.
875 3576 971 3627 Carmen
984 3579 1074 3644 legitur
1086 3582 1112 3631 in
1124 3578 1220 3629 Authol.
1234 3582 1314 3633 Latin.

283 3668 381 3716 movisse
401 3664 491 3713 dicitur
506 3679 576 3724 sara,
599 3664 657 3728 quia
676 3663 785 3711 homines
816 3663 895 3712 Burm.
906 3664 966 3726 T.l,
977 3682 1032 3731 pag.
1041 3668 1080 3714 99.
1096 3666 1228 3715 Threicias
1241 3683 1315 3731 quoes-

282 3750 370 3801 hlanda
391 3751 510 3812 oratioue,
535 3746 652 3813 loquendo
669 3757 694 3795 et
713 3764 781 3796 oran·
813 3749 869 3796 dom
881 3758 952 3798 votes
962 3751 1017 3810 fide
1029 3749 1141 3798 creditor
1159 3767 1248 3800 canora
1260 3754 1314 3802 Mo-

282 3836 326 3900 do,
345 3835 472 3903 perduxit,
490 3850 537 3901 quo
557 3832 641 3881 vellet.
673 3832 783 3880 Horatius
816 3837 990 3883 musaraneus
1009 3838 1104 3883 acrium
1115 3835 1246 3902 saronem,
1266 3839 1313 3888 Aa·

282 3922 365 3989 mytho
387 3922 416 3971 de
444 3919 574 3985 Amphione
600 3917 782 3983 explicationem
815 3936 860 3984 poa
880 3936 964 3968 amnes
985 3921 1095 3969 tenuisse
1114 3938 1203 3988 vagos,
1225 3925 1269 3973 sed
1287 3930 1313 3972 et

282 4022 329 4055 non
344 4006 449 4069 addidit,
467 4006 538 4055 sicuti
549 4003 642 4054 addidit
652 4003 783 4071 mythoOr
815 4007 891 4055 alites
920 4007 1046 4070 volentes,
1076 4008 1115 4056 Et
1138 4010 1214 4058 saerde
1237 4017 1313 4058 conto

282 4078 362 4155 phiec.
379 4094 407 4140 ln
419 4092 517 4158 vulgata
530 4092 632 4139 lectione
646 4088 743 4156 mythos
756 4099 781 4138 et
812 4094 948 4140 concitasse
962 4108 1038 4153 soaa5
1055 4093 1251 4160 Suavisonoequa
1263 4110 1312 4142 mo-

282 4174 411 4240 explicatio
427 4177 488 4225 male
502 4178 644 4237 miscentur,
655 4192 699 4223 nec
713 4174 781 4241 quid·
814 4177 856 4225 dos
870 4179 1008 4227 testudinis
1020 4182 1118 4228 arbores
1131 4188 1240 4242 secutae,
1257 4180 1311 4228 Hm-
