3009 5000
257 400 298 467 db
519 404 734 470 tantun
765 408 1011 474 tursuotn

286 606 416 683 Vicinus
438 607 540 685 urbas
560 608 637 703 ulit,
662 616 697 683 a
721 635 821 709 grava
844 616 946 687 sentit
966 626 1135 705 aratrum3

255 823 280 869 rt
306 816 406 867 notatio
430 825 478 867 ton
502 814 531 867 sd
554 831 596 865 nar
619 830 689 883 queas
713 814 744 867 nd
776 834 830 867 enne
846 821 926 871 eene
937 823 1027 886 priuos
1041 831 1173 873 meantem
1185 829 1215 874 in
1227 844 1272 875 an·

254 910 406 955 nnotnnnurn
423 906 507 957 ralarrl
524 902 604 955 dabor.
621 904 678 955 usin
692 905 748 971 ped·
780 922 839 969 nar,
863 909 934 957 Fotis
958 910 1062 973 maner,
1084 913 1123 959 ita
1148 914 1272 960 narborem

253 988 552 1061 musalinandanttnngls
565 994 681 1059 dgnltlcnt
691 994 748 1059 prs*-
780 1000 852 1043 uetes
875 996 1075 1045 interiturus:
1096 999 1134 1045 Et
1156 1000 1273 1047 insenum

254 1092 319 1129 muru
334 1078 437 1141 omues.
455 1081 493 1133 val
506 1096 566 1147 quus
579 1082 689 1147 pritesen
702 1097 744 1130 ren·
777 1084 832 1131 ritu
848 1085 943 1148 floreret
965 1085 1032 1131 mado
1049 1090 1109 1131 nata
1127 1086 1270 1148 curentque,

255 1172 282 1217 tu
299 1172 370 1227 nent,
387 1164 431 1217 hoa
446 1178 481 1217 ast
495 1182 569 1219 annu
585 1184 612 1217 no
626 1167 745 1218 uiuendo.
779 1170 863 1218 Melta
879 1177 1052 1232 renascentur,
1070 1186 1131 1232 qaae
1143 1173 1196 1218 iam
1210 1172 1273 1219 ceci-

253 1250 300 1305 tot
322 1268 348 1305 an
364 1270 410 1305 non
426 1251 527 1319 cedunt,
554 1270 580 1303 oo
596 1255 661 1319 ipso,
683 1253 746 1320 qaod
778 1256 849 1319 dore,
865 1259 998 1321 cademque
1015 1258 1158 1315 Quonam
1170 1260 1273 1307 arentin

254 1349 309 1395 tunt
326 1342 426 1409 primunt
449 1351 520 1405 nats,
542 1339 604 1409 quad
620 1348 677 1390 sunt
688 1341 745 1405 prt‘·
778 1343 865 1390 honore
894 1346 1025 1407 vocabulo,
1055 1346 1081 1393 si
1107 1348 1171 1392 votet
1193 1363 1271 1408 nats,

253 1442 301 1479 rna.
326 1428 515 1495 interpretantur
532 1428 590 1479 solis
606 1444 666 1495 quae
680 1430 746 1494 prius
780 1431 856 1488 Qum
873 1447 951 1495 penae
971 1434 1108 1480 arbitrium
1130 1440 1168 1480 art
1189 1441 1215 1481 at
1229 1436 1273 1482 ias

255 1520 311 1565 nntn
334 1523 406 1577 sunt,
434 1526 505 1585 etque
524 1516 582 1567 adca
604 1516 659 1565 aliis
684 1516 748 1565 loliis
781 1525 808 1565 et
822 1534 906 1565 nmmo
922 1519 1042 1580 loquendi.
1064 1519 1109 1582 Qui
1125 1536 1218 1582 versus,
1237 1523 1273 1569 ita

253 1603 390 1654 vetustiora.
406 1603 510 1655 lustrans
526 1605 612 1669 iidem,
629 1608 746 1672 interpre·
779 1609 867 1672 positi,
891 1607 978 1654 claram
1001 1586 1024 1653 et
1044 1608 1162 1671 egregiam
1179 1616 1273 1655 senten·

215 1682 223 1699 '
254 1690 303 1739 tesl
315 1688 370 1739 Tuta
384 1688 455 1741 breve
468 1682 581 1758 temporis
594 1692 747 1741 intervallum
780 1694 838 1740 tiam
854 1702 988 1758 praestant3
1004 1709 1031 1740 ac
1048 1690 1076 1739 de
1089 1693 1174 1739 ceteris
1187 1689 1272 1738 deinde

254 1784 356 1828 satutant
374 1776 484 1827 loliorum
500 1777 640 1843 distinguit,
657 1778 746 1826 utalia
779 1778 892 1828 dicemus.
910 1779 976 1828 Nunc
992 1777 1060 1841 vide,
1082 1795 1152 1845 quam
1166 1789 1229 1827 recte
1247 1788 1272 1826 et

252 1862 370 1931 appellari
385 1866 474 1930 possint
490 1873 602 1929 vanata,
616 1865 663 1913 alia
678 1868 747 1912 iuve-
779 1876 835 1931 apte
847 1866 984 1914 cohaerent:
1005 1854 1050 1928 L't,
1064 1882 1118 1913 cum
1130 1867 1208 1913 silvae
1221 1880 1273 1912 nsu-

253 1948 342 2001 ns'la'a?
368 1950 448 2016 Neque
470 1953 613 2016 comparatio
631 1950 743 1997 foliorum
778 1958 882 2014 tantur,
898 1951 968 2011 solia
988 1952 1055 1999 moda
1076 1952 1184 2013 cadunt,
1206 1951 1274 1999 moda

254 2055 307 2089 aum
323 2036 402 2087 verbis
418 2048 465 2086 tam
481 2038 530 2086 late
547 2039 687 2103 porrigitur,
701 2037 743 2085 sed
776 2046 913 2086 nascuntur
929 2045 955 2086 et
969 2039 1061 2085 virent.
1079 2035 1199 2083 librarius
1212 2051 1274 2082 uuus

252 2128 279 2178 in
301 2141 328 2172 eo
352 2123 471 2172 subsistit:
497 2133 525 2170 ut
547 2123 605 2172 solia
621 2126 746 2189 quotannis
779 2122 837 2173 haec
861 2126 896 2172 ita
918 2122 1020 2172 scribere
1043 2124 1134 2188 potuit:
1160 2121 1192 2168 {st
1206 2120 1275 2168 moda

254 2223 383 2263 nascuntur
413 2221 438 2259 et
466 2210 573 2275 cadunt,
612 2214 647 2261 ita
676 2211 747 2260 verba
770 2212 857 2275 solim
876 2228 930 2259 eune
946 2210 1131 2273 siloacpm'mas
1146 2213 1276 2254 mutantur

254 2304 364 2352 oriuntur
380 2312 405 2349 et
420 2304 549 2350 intereunt.
568 2299 747 2365 Proprimuca·
779 2301 809 2348 in
824 2317 901 2349 annos
919 2299 1029 2361 Cadunt,
1045 2298 1087 2345 ita
1100 2298 1224 2344 amborum
1236 2309 1276 2342 ne·

253 2386 745 2451 dant,Boher.aelGiceranisTusc.Queest.
781 2394 822 2435 tus
837 2388 932 2434 interit
947 2394 1024 2433 aetas.
1052 2383 1136 2443 alter,
1158 2390 1187 2428 ut
1202 2379 1275 2428 hexa-

254 2494 280 2544 p.
293 2479 340 2526 270
363 2477 460 2539 corrigit
472 2473 548 2536 priva
563 2470 662 2519 cadant.
685 2471 744 2519 Hinc
778 2481 880 2520 metrum
894 2473 1044 2519 restitueret:
1065 2467 1098 2515 Ut
1104 2466 1184 2526 saliis
1197 2467 1275 2514 siloae

254 2571 334 2609 umen
356 2558 474 2606 lucramur
494 2552 565 2602 nihil.
590 2554 686 2617 Inspexi
710 2570 749 2601 ve·
776 2558 875 2618 primas
894 2562 1025 2602 mutantur
1042 2556 1072 2601 in
1090 2570 1165 2602 annos
1186 2555 1275 2601 Prima

250 2646 394 2694 tustissimas
409 2640 527 2691 Diomedis
539 2642 686 2705 grammatici
700 2639 748 2690 edt-
780 2642 886 2689 cadunt:
902 2641 964 2688 alter
980 2642 1013 2688 Ut
1019 2640 1090 2701 folio
1102 2640 1132 2687 in
1144 2640 1227 2688 siluis.
1249 2640 1275 2689 Si

253 2733 342 2792 tiones,
357 2739 448 2795 partem
462 2737 588 2792 apparatus
595 2725 748 2776 Bondamiani
780 2730 833 2792 quis
855 2743 947 2776 caussas
969 2729 1053 2775 erraris
1073 2728 1179 2774 invenire
1200 2728 1275 2790 possit

253 2820 280 2869 in
309 2815 457 2866 Bibliotheca
488 2814 585 2881 publica
614 2815 745 2878 Leidensi,
778 2833 833 2863 vero
847 2816 987 2877 similiores,
1005 2812 1120 2862 laetabor.
1145 2815 1193 2864 Hoc
1213 2815 1274 2864 mihi

254 2922 354 2973 quarum
379 2904 508 2953 editionum
532 2905 649 2969 margines
675 2905 745 2951 variis
770 2901 908 2964 concedet,
923 2903 1022 2967 opinor,
1040 2902 1186 2964 arationem,
1203 2918 1274 2967 φησι

254 2989 537 3056 lectionibus,undique,
554 2992 667 3038 etiamen
683 2990 744 3039 MSS.
780 2991 841 3053 leci,
859 3007 907 3038 esse
925 2991 1046 3050 Latinam,
1063 2989 1227 3053 perspicuam,
1248 2997 1274 3036 et

213 3097 216 3104 ·
254 3086 311 3126 sunt
331 3079 403 3125 aucti.
429 3076 523 3124 Nullam
542 3074 688 3140 deprehendi
704 3093 744 3124 na·
776 3076 909 3124 rotundam.
948 3077 1021 3123 Folia
1048 3090 1096 3124 esse
1122 3073 1272 3135 trochaeum,

253 3165 364 3212 rietatem
376 3165 402 3211 in
418 3180 486 3214 versu
498 3165 639 3229 Horatiano,
652 3168 698 3215 nisi
710 3168 746 3215 in·
779 3183 848 3214 nemo
864 3183 911 3214 non
926 3164 1000 3214 videt.
1020 3165 1094 3213 Folia
1105 3163 1197 3214 cadram
1209 3161 1273 3211 idern

255 3259 293 3296 ter
304 3249 393 3313 privas
408 3258 433 3296 et
443 3254 548 3314 pamas.
575 3252 666 3315 Quare,
683 3250 745 3316 quad
766 3260 846 3310 vsonat
862 3267 889 3297 ac
905 3249 1059 3315 Virgiliaaum
1080 3255 1164 3316 genna
1179 3252 1271 3300 labant.

254 3351 302 3384 nan
320 3334 444 3398 intellexi,
460 3335 486 3384 id
502 3338 636 3384 coniectura
653 3337 744 3400 assequi
777 3335 809 3381 lc
829 3332 924 3382 videtur
941 3352 969 3382 ea
984 3337 1119 3400 corruptela
1135 3339 1161 3385 iu
1176 3337 1272 3386 Horatia

252 3431 353 3471 conatus
366 3438 425 3470 sum.
443 3422 540 3483 Nullus,
553 3421 637 3485 credo,
651 3423 749 3471 Romuli
782 3423 828 3469 iem
846 3437 894 3469 esse
911 3421 980 3469 valde
993 3425 1100 3488 antiqua.
1121 3425 1273 3474 Grammatici
1331 3439 1336 3447 ·

255 3512 375 3576 scriptoris
392 3508 455 3557 liber
470 3519 562 3572 exstat,
580 3512 606 3558 in
619 3526 680 3576 qao,
697 3501 745 3559 sine
779 3509 874 3576 quidem
898 3508 962 3557 illud
981 3509 1136 3574 virgilianum
1153 3512 1273 3576 explican-

254 3596 360 3662 singulos
380 3612 460 3644 versus
479 3598 528 3643 sive
550 3605 601 3645 tata
622 3608 749 3663 praecepta
782 3608 832 3660 tes,
849 3599 1029 3646 silioratianum
1037 3599 1273 3660 novissentfoliaca·

254 3683 399 3746 consideres,
417 3684 537 3750 legitimus
553 3682 609 3731 ardo
622 3700 665 3749 per
675 3683 747 3732 libra·
780 3684 855 3747 aaut,
874 3688 900 3734 in
917 3686 1066 3750 exemplum,
1080 3684 1164 3748 credo,
1178 3685 1273 3735 attulis-

254 3772 302 3818 rios
322 3773 396 3837 magis
416 3773 447 3820 sit
471 3780 603 3836 corruptus.
628 3770 746 3819 lacabulo
780 3775 882 3822 sentiit
897 3775 945 3821 iam
958 3771 1273 3837 llieranymus,quadnuna

253 3858 327 3906 semel
339 3862 494 3925 transposito,
511 3870 589 3908 cetera
602 3858 702 3921 deinde,
719 3870 747 3907 ut
779 3860 904 3925 vulgatur,
922 3861 990 3925 legit.
1008 3858 1130 3907 Bentleius
1145 3859 1224 3908 locum
1240 3861 1273 3908 ci-

254 3951 356 3991 metrum
388 3947 578 4007 restitueretur,
612 3953 748 4008 transpone·
781 3947 853 3992 tavit:
871 3951 1003 4009 postquam
1021 3946 1074 3993 alia
1090 3938 1187 3996 amerit
1199 3962 1273 4013 gene-

254 4027 356 4093 bantur,
372 4033 419 4080 alia
435 4031 613 4082 emittebantur.
639 4033 686 4097 Ego
702 4030 747 4078 lio-
779 4033 863 4094 ratio,
880 4033 1021 4096 primisque
1035 4033 1115 4093 foliis
1128 4035 1273 4083 cadentibus

253 4117 341 4167 tatium
364 4119 482 4184 scripsisse
506 4129 580 4185 puto:
609 4119 641 4165 Ut
664 4118 746 4180 modo,
779 4119 864 4167 virens
878 4121 945 4167 silva
959 4122 1117 4171 morarerit.
