3009 5000
288 442 357 527 170Ν
425 441 617 503 flottam
643 441 863 503 salsiora
889 440 946 510 ln
972 438 1168 502 alsonus

282 637 331 670 rem
344 618 480 684 suochunt,
495 619 567 686 (unda
581 622 643 670 etin
656 619 724 669 nullo
740 635 779 668 us·
810 618 911 669 scholiis
927 622 1003 683 eninr,
1025 629 1133 669 veteram
1148 621 1306 683 interpretum

280 723 351 772 quam
367 709 469 756 carmine
485 716 552 756 tanta
565 716 601 755 est
615 707 641 755 in
655 705 718 753 MSS.
734 722 775 753 va·
806 704 931 771 reliqniis,
960 707 1008 754 iarn
1031 723 1087 768 eos,
1113 703 1171 771 qnid
1195 702 1304 769 quodque

278 794 365 855 rictas,
381 792 444 858 quod
457 791 489 840 ad
501 792 640 858 positionem
650 790 776 839 vocabulo-
807 801 959 857 praeceptum
974 793 1132 858 significaret,
1152 787 1196 838 ubi
1213 789 1303 861 incipe·

278 894 332 926 rum
352 876 449 941 attinet)
470 887 511 940 et,
540 892 681 943 qumquam
705 877 779 924 inter·
809 886 861 935 ret,
874 875 1048 940 ubiliniretur,
1062 877 1133 925 variis
1141 874 1215 924 modis
1225 872 1306 939 dispu-

280 962 370 1029 polatio
391 964 416 1012 in
432 962 477 1012 tali
492 963 594 1011 carmine
611 972 673 1011 esset
687 960 772 1010 diffici·
805 962 1003 1027 tavissaapparet.
1016 963 1163 1028 llacc‚quac
1177 959 1206 1008 tle
1216 960 1303 1009 caussis

278 1049 323 1112 lis,
344 1064 418 1097 unum
439 1058 517 1097 tamen
532 1047 662 1097 alterumve
678 1063 774 1096 versum
804 1046 876 1096 huius
896 1048 1044 1113 corruptelae
1067 1046 1146 1096 adhuc
1167 1045 1230 1107 dixi,
1254 1062 1302 1094 non

278 1135 411 1200 accepimus
425 1135 548 1200 spurium,
566 1136 613 1182 ianr
628 1131 698 1181 obelo
712 1133 774 1181 Ben·
804 1134 1083 1196 suntnisiconiccturaa,
1097 1132 1152 1195 sel,
1161 1130 1245 1194 credo,
1255 1148 1303 1180 non

278 1220 368 1269 tleiano
388 1222 513 1269 confixum.
543 1219 636 1284 Optima
656 1218 775 1283 Epistolae
806 1221 881 1268 areri
888 1199 1302 1283 similitudincabhorrentes.Siqnis

279 1305 401 1371 exempla,
421 1305 468 1354 hoc
491 1314 527 1354 est
547 1312 667 1366 correcta,
691 1303 774 1370 (prolia
804 1305 856 1371 rari
879 1305 1003 1354 similiores
1026 1305 1160 1366 invenerit,
1185 1320 1248 1352 meas
1263 1304 1301 1352 ln·

277 1391 330 1440 scra
350 1389 380 1440 ab
397 1392 449 1456 ipso
464 1390 559 1438 Horatio
575 1398 643 1438 crant
658 1391 772 1454 composi·
803 1388 863 1440 bons
883 1389 972 1441 cadam.
993 1391 1018 1440 Si
1032 1400 1114 1440 contra
1129 1398 1214 1457 putet,
1235 1388 1298 1439 ordi·

278 1486 318 1539 ta,
334 1475 489 1525 intercidere:
506 1491 566 1541 quae
582 1474 643 1524 MSS.
660 1475 774 1540 temporis
804 1477 892 1525 nemin
901 1476 1004 1542 vulgatis
1015 1492 1064 1525 esse
1074 1474 1200 1540 pulchrum
1214 1484 1238 1523 et
1246 1491 1300 1523 con·

277 1562 459 1611 diuturnitatem
473 1559 595 1623 tulerunt,
613 1576 640 1608 ea
656 1576 687 1609 ex
701 1558 773 1609 Scho·
803 1562 913 1624 omum,
927 1572 953 1610 ct
963 1563 1041 1626 operia
1055 1562 1129 1610 instar
1141 1561 1226 1609 musivi
1236 1576 1299 1608 sum·

277 1646 367 1696 laeticie
381 1646 450 1695 incre
466 1646 583 1694 confecta.
598 1644 637 1694 Sic
651 1644 723 1694 laodic
736 1645 772 1694 le·
804 1656 906 1696 maante
922 1656 1068 1709 consertum,
1079 1662 1122 1711 ego
1132 1646 1234 1694 vicissim
1246 1662 1300 1694 con·

278 1732 356 1798 gimus
379 1733 499 1780 confusam
521 1740 701 1797 praeceptorum
723 1748 773 1780 mo·
804 1730 951 1798 traputabo‚
965 1732 1300 1796 etGraecunrapponensrer·

278 1818 339 1877 lem,
355 1833 426 1884 qnam
440 1833 518 1883 neque
532 1817 643 1865 Horatius
652 1833 697 1865 nec
709 1818 774 1883 qnis-
805 1818 907 1866 siculum
926 1817 981 1868 Σοὶ
999 1814 1047 1878 μὲν
1063 1817 1156 1867 ταῦτα
1172 1816 1298 1866 δοκοῦντ’

277 1920 348 1970 quum
360 1902 436 1952 bonus
447 1904 548 1969 scriptor
559 1901 678 1969 probaret.
694 1901 772 1967 Atque
804 1902 890 1962 ἐστὶν,
908 1903 967 1965 ἐμοὶ
991 1900 1023 1952 δὲ
1040 1901 1124 1966 τάδε,
1140 1902 1201 1951 hunc
1218 1901 1299 1967 ‹lispu-

279 2005 307 2039 ea
322 1987 470 2055 perturbatio
481 1988 550 2037 valde
563 1989 662 2054 antiqua
677 1996 721 2036 est.
738 1988 770 2036 Ex
803 1990 917 2038 tationem
933 1990 998 2038 finio.
