3009 5000
299 464 357 528 148
559 462 775 525 nostru
804 462 1048 523 EPISTOLA

327 665 472 747 Nosccre
496 662 687 738 mendacem
711 683 897 756 verumque
920 661 1039 733 beatus
1062 663 1219 733 amicum.

327 783 401 874 Tu,
425 804 487 854 seu
501 781 653 873 donaris,
678 804 738 852 seu
760 779 843 875 quid
865 779 991 851 donare
1013 780 1103 852 voles
1123 781 1205 869 cui,

325 900 438 974 Nolito
459 898 640 971 adversus
664 897 726 970 tibi
747 899 853 969 iactos
873 898 998 970 ducere
1021 898 1162 995 plenum

289 1145 373 1187 tamen
388 1139 424 1188 ita
438 1142 558 1188 contemni
570 1138 649 1205 digno.
662 1139 738 1188 Levis
754 1148 791 1187 est
821 1145 888 1187 etum
911 1139 956 1200 qui
978 1144 1045 1186 recte
1063 1152 1155 1202 ponere
1165 1137 1263 1201 possit,
1280 1134 1318 1182 Bt

294 1222 419 1289 epitheton
434 1226 506 1274 certis
526 1223 660 1273 hominibus
679 1240 708 1274 ex
728 1225 792 1272 omni
823 1223 939 1288 spondere
951 1224 1002 1271 leci
1017 1238 1065 1288 pro
1074 1237 1197 1288 paupere,
1219 1227 1246 1269 et
1268 1220 1318 1267 eri·

296 1307 430 1358 conditione
439 1309 569 1375 proprium,
577 1311 640 1358 cilis
647 1307 792 1375 pauperihus
819 1323 879 1373 pere
894 1310 962 1356 artis
973 1306 1074 1356 Litilus
1086 1307 1245 1373 implicitum.
1261 1303 1317 1352 Ideo

291 1395 402 1442 universe
416 1396 544 1460 proprium.
578 1395 655 1461 itque
671 1410 714 1460 pro
727 1394 792 1442 Lutl
823 1395 892 1442 artis
904 1395 995 1441 litidres
1016 1392 1059 1457 (sie
1075 1394 1138 1442 enirn
1152 1392 1210 1440 olim
1230 1387 1318 1439 scrihe-

291 1476 498 1527 scribcndnmest
519 1479 591 1543 tm,
614 1489 639 1529 et
657 1479 727 1528 simul
743 1479 791 1528 alia
823 1478 958 1540 hant,non‚
967 1487 995 1526 ut
1005 1495 1076 1544 prave
1084 1495 1155 1542 nunc,
1163 1475 1318 1542 aretismuia

137 1546 141 1555 ,
196 1554 199 1561 ’
293 1561 419 1627 mutanda,
442 1580 490 1631 quo
511 1566 575 1615 facto
596 1581 689 1614 versum
705 1566 792 1630 accipi·
823 1562 917 1612 dixerat
936 1565 1102 1628 implicitum:
1126 1563 1185 1612 haec
1209 1564 1317 1610 enimse

291 1648 448 1714 musvnlgato
463 1649 535 1716 longe
542 1649 677 1700 meliorem:
695 1651 727 1699 si
734 1666 790 1698 vero
821 1658 904 1697 mutno
927 1649 1073 1713 respiciunt:
1098 1650 1203 1710 strictis,
1225 1645 1318 1695 nodosis

289 1740 342 1797 est,
355 1737 582 1798 emtumpuireete
589 1751 681 1800 ponere
688 1737 786 1800 pessit,
819 1733 918 1796 litibus,
942 1733 1005 1781 unde
1026 1735 1088 1801 eripi
1103 1743 1128 1783 ct
1143 1732 1241 1782 liberari
1261 1741 1315 1780 onte

218 1812 221 1819 ’
291 1819 332 1868 Er
346 1819 583 1886 speudemoid‘pro
593 1835 719 1886 paupere,
735 1836 791 1869 euni
821 1820 886 1868 salva
901 1818 998 1868 difficile
1015 1829 1063 1878 est:
1084 1818 1231 1885 implicatum
1247 1826 1272 1865 et
1284 1818 1318 1865 ir·

289 1905 370 1969 erepit
401 1907 470 1954 atris
497 1908 598 1955 litibus
629 1908 789 1971 implicitum.
821 1906 928 1953 retitum.
958 1903 1099 1953 Prudentius
1124 1903 1254 1970 Peristeph.
1279 1903 1315 1964 X,

290 1990 351 2054 Quia
366 1990 480 2056 spondet,
496 1990 552 2041 duur
572 1991 686 2057 spondet,
702 2007 793 2057 paupe-
823 1993 879 2039 202.
899 1991 949 2049 Qui
965 1993 991 2039 si
1006 1992 1103 2039 citatur
1118 1991 1213 2055 legibus
1224 1989 1318 2037 reseris
1406 2012 1409 2019 ·
1490 2010 1491 2019 ¹

291 2090 342 2123 rem
352 2076 433 2140 eripit.
441 2076 539 2125 Rectius
547 2078 640 2141 eripit,
654 2092 724 2142 qnam
733 2092 790 2140 pos-
822 2091 880 2123 reus
891 2077 997 2139 Laqueis
1009 2077 1115 2124 minaeis
1121 2076 1265 2138 implicatus
1276 2075 1319 2122 Iu-

291 2161 441 2225 siteripers.
457 2162 713 2227 Iungeautemsicst,
724 2169 792 2210 -et
824 2163 882 2209 liae.
899 2162 1023 2209 Lucretius
1033 2161 1065 2223 l,
1084 2161 1153 2209 1146.
1167 2161 1259 2224 Sponte
1270 2174 1319 2206 suu

289 2248 387 2310 eripit,
410 2263 457 2295 non
480 2249 526 2311 qui
543 2249 629 2313 possit
651 2255 678 2296 et
701 2248 789 2312 erepit.
822 2247 914 2295 cecidit
927 2248 972 2295 sud
987 2248 1054 2312 leges
1067 2247 1248 2309 artequeiura.
1265 2244 1319 2293 Sta·

290 2331 400 2396 Eripere
416 2334 511 2400 proprie
526 2333 555 2382 de
568 2349 609 2382 reo
621 2332 716 2384 dieitur.
733 2332 791 2381 lide
824 2334 872 2381 tius
887 2332 944 2381 silv.
959 2332 1009 2395 111,
1025 2334 1050 2381 ὅ.
1066 2332 1209 2393 Nullcsoro
1221 2331 1317 2393 relies,

289 2416 414 2466 Graeciam
429 2417 460 2466 nd
475 2418 569 2467 Florum
584 2419 609 2482 1,
625 2409 650 2467 3'.
687 2420 739 2466 Viti
754 2417 789 2465 le·
820 2424 867 2465 aut
881 2418 986 2464 strictae
1000 2418 1089 2482 iurgia
1104 2419 1175 2482 legis.
1200 2415 1320 2465 Iuvenalis

289 2504 351 2568 gisse
374 2501 469 2552 videtur
488 2504 670 2551 commentator:
697 2504 788 2551 »Levi
821 2502 943 2564 t111‚50.
962 2503 1096 2559 Quiiuris
1110 2503 1182 2551 nodos
1196 2512 1223 2551 et
1237 2506 1317 2569 legum

288 2588 354 2636 vili:
375 2589 513 2652 promittere
535 2589 659 2653 pecuniam
675 2603 700 2635 se
721 2586 789 2635 datu·
820 2588 964 2651 aenigmata
977 2588 1064 2636 solvat.
1078 2586 1168 2637 Plinius
1179 2588 1241 2638 Hist.
1253 2589 1314 2652 xvl,

289 2687 358 2734 rmn,
375 2688 446 2737 quam
459 2670 531 2720 debet
544 2673 599 2721 vilis
611 2688 702 2737 pauper
711 2681 736 2720 et
743 2670 788 2719 hu·
819 2671 844 2720 δ.
865 2670 975 2719 Additus
987 2673 1053 2737 leges
1064 2681 1150 2736 artae,
1165 2683 1192 2723 et
1206 2675 1262 2723 ideo
1276 2690 1317 2722 su·
1419 2717 1425 2724 .

290 2756 384 2806 milis.’'
400 2759 574 2825 Interpretatur
586 2759 662 2821 vilis,
676 2757 790 2807 dicenset
816 2758 915 2822 perlue.
929 2756 1008 2805 Cicero
1020 2775 1063 2823 pro
1078 2758 1158 2808 Sextio
1174 2776 1195 2808 c.
1211 2762 1252 2808 41.
1284 2760 1317 2808 u:

288 2844 409 2906 humilis,
422 2853 450 2892 ut
458 2861 528 2910 saepe
536 2845 604 2910 quasi
617 2861 659 2910 per
667 2842 790 2911 periphra·
821 2844 895 2890 illurn
911 2844 1075 2891 exsultantem
1096 2852 1122 2892 et
1138 2846 1316 2909 trepudiantes

288 2930 428 2979 sinfaoiunt
438 2928 589 2979 Scholiastae.
603 2928 669 2994 Quod
681 2931 707 2977 in
720 2930 786 2995 prin·
818 2930 915 2994 legum,
932 2930 958 2977 si
968 2937 1067 2993 posset,
1084 2931 1179 2994 laqueis
1195 2931 1317 2979 1111111111·

289 3016 353 3080 cipio
368 3013 454 3064 scholii
466 3016 568 3080 positum
585 3023 620 3063 est
633 3014 696 3075 leui,
711 3012 790 3062 delen·
818 3021 899 3079 geret.
914 3015 957 3062 Pro
968 3014 1044 3063 Coelio
1058 3032 1079 3064 c.
1093 3018 1133 3065 70:
1151 3009 1189 3064 Eo
1198 3018 1317 3078 maleficio

288 3109 342 3148 tur:
360 3100 411 3147 vili
431 3109 466 3148 est
486 3098 641 3163 vocabulum,
663 3096 726 3164 qnod
740 3099 785 3147 ille
818 3106 890 3147 erant
902 3101 1038 3163 impliciti,
1056 3108 1131 3150 utcu
1142 3103 1236 3150 millius
1251 3102 1316 3168 legis

288 3184 316 3233 in
333 3200 376 3232 suo
392 3184 500 3251 exemplo
513 3184 582 3235 vidit.
793 3250 796 3254 ⁴
822 3185 917 3247 laqueis
930 3186 1062 3234 emittendi
1074 3188 1224 3237 videreretur.
1238 3188 1315 3236 Inla-

322 3269 361 3317 E:
373 3270 467 3333 erepere
484 3272 551 3319 atris
563 3270 665 3319 litibus
679 3269 789 3335 impiiei-
820 3270 907 3318 tiniam
920 3285 941 3318 c.
958 3271 982 3318 5.
1001 3272 1061 3320 Curre
1077 3273 1197 3335 homiues,
1213 3273 1316 3337 negotiu

240 3357 243 3360 '
290 3361 352 3403 tum.
376 3354 454 3405 Atree
467 3354 562 3420 quidem
578 3357 639 3403 lites
654 3356 711 3404 satis
725 3353 787 3403 bene
817 3361 946 3419 gerentes,
969 3356 1077 3405 iudiciis
1091 3359 1262 3421 ineptissimis
1277 3360 1316 3406 ir·

289 3438 463 3505 dicipcssunt,
487 3450 516 3488 ut
536 3447 608 3489 atreo
623 3456 712 3504 curae,
733 3442 789 3488 atri
820 3441 919 3487 retires.
933 3441 961 3489 Et
976 3458 1026 3490 rem
1043 3453 1068 3491 et
1082 3441 1154 3490 verba
1165 3440 1240 3490 habes
1250 3442 1315 3508 apud

289 3528 371 3575 luctus
384 3535 409 3573 et
424 3524 519 3575 similia.
532 3526 607 3592 Atqui
622 3543 650 3574 eo
662 3536 731 3592 paeto
746 3542 786 3573 va·
817 3524 964 3575 Ammienum
976 3527 1139 3576 Marcellinnm
1154 3526 1231 3590 m,
1245 3529 1271 3578 4.
1284 3527 1315 3577 de

288 3628 345 3677 gum
359 3609 518 3659 tantummodo
534 3620 723 3677 perpetuumque
739 3612 785 3658 erit
817 3609 908 3659 rabulis
924 3612 1068 3661 forensibus:
1093 3612 1145 3670 Qui
1158 3614 1228 3660 inter
1245 3616 1314 3662 solli·

289 3696 427 3763 epitheton:
453 3712 507 3744 curn
529 3706 607 3744 tomen
628 3698 653 3745 iu
675 3706 786 3761 promptu
818 3697 943 3746 citudirees
967 3698 1077 3745 iudicum
1093 3712 1141 3760 per
1160 3700 1241 3747 multu
1262 3701 1314 3748 dis·

291 3792 343 3832 erat
356 3780 422 3831 aliud
432 3782 513 3845 aptius
522 3791 547 3829 et
560 3781 715 3847 singularius,
724 3780 788 3846 quod
821 3788 904 3830 teritos
924 3783 1077 3830 irresolubili
1096 3798 1161 3831 reeeu
1177 3785 1314 3833 vinciemes

289 3885 321 3917 ex
337 3870 388 3934 ipso
404 3865 453 3916 solo
470 3868 604 3929 enascitur,
631 3876 656 3915 et
671 3864 734 3933 quod
749 3864 790 3914 ad·
821 3868 934 3933 11151οᾶ11,
957 3868 1068 3928 ludorum
1091 3874 1121 3915 ut
1142 3872 1221 3918 munis
1244 3871 1313 3934 prsies

287 3955 377 4003 iuuetis
392 3951 514 4001 vocabulis
530 3954 577 4002 vim
593 3962 699 4002 mutuam
714 3950 786 4000 donat
818 3955 907 4002 litibus
919 3953 1075 4017 implicetur,
1091 3960 1117 4001 et
1131 3956 1230 4004 aedom
1242 3969 1313 4018 quec-

288 4036 416 4103 debetque.
432 4037 513 4105 Neque
530 4040 592 4088 eninr
608 4037 709 4101 dubito,
727 4039 786 4103 quin
818 4040 941 4088 :tionibus
964 4038 993 4086 de
1007 4039 1136 4090 industrie
1150 4041 1249 4090 iudicia
1262 4042 1312 4088 eir·

287 4123 322 4171 sic
329 4120 421 4171 dederit
428 4121 551 4173 Horatius:
568 4125 600 4174 Si
609 4138 666 4173 vero
677 4130 716 4172 est
725 4139 786 4186 ,urr-
817 4125 994 4173 cumscridunt:
1005 4140 1125 4187 quaecum
1132 4127 1309 4192 dcpmoautur,
