3009 5000
150 394 154 403 ’
224 410 266 476 28
490 434 705 507 uentum
736 445 982 512 autsrois

248 616 291 692 Et
313 624 478 708 iuvenum
503 642 572 714 ritu
596 644 719 720 florent
742 649 844 722 modo
867 660 946 723 nata
969 655 1153 751 virentque.

217 832 292 889 ‘mm’
316 846 394 897 mque
409 839 594 914 dommum,
611 862 658 902 eut
675 857 716 905 Si·
749 859 867 907 Seribe‘te.
900 861 1020 908 semisonis
1041 862 1242 925 publicassem

217 925 348 1014 ‘afflms
366 933 413 974 aut
430 931 607 1003 Pelasgorum,
621 943 717 992 sedue-
745 948 839 1009 placet.
879 945 1016 1011 Metaphoru
1039 946 1104 996 houd
1133 946 1241 999 dissimili

159 1078 163 1088 ι
217 1007 285 1051 “m-⁹
301 1021 361 1058 tuae
376 1019 459 1067 verbis
472 1023 551 1072 locuti
566 1035 718 1077 suut.——
750 1031 893 1080 Dioscorides
909 1034 934 1080 iu
950 1030 1103 1097 Anthologia:
1129 1033 1239 1098 Αἰσχύ-

217 1089 269 1139 Setl
282 1099 465 1163 antiquitatem
485 1112 534 1159 tibi
543 1117 644 1177 plaeere
659 1119 712 1182 eis,
747 1117 791 1175 λος
808 1118 936 1178 debuemus,
954 1118 1131 1178 ueooue'lsvuu
1151 1122 1240 1187 χαρά-

217 1181 281 1241 q²l⁰d
300 1185 403 1240 boueste
425 1203 451 1243 et
471 1201 530 1249 boue
550 1211 576 1251 et
591 1207 673 1254 sobrie
690 1216 714 1256 et
746 1209 793 1266 ξας
817 1208 844 1257 Γ
844 1212 981 1276 potuumve.
1007 1218 1035 1257 ut
1059 1210 1180 1259 Bentleius
1209 1210 1239 1261 ud

217 1269 327 1321 modeste
357 1280 413 1329 sit:
445 1285 501 1333 viee
525 1304 583 1355 erge
606 1296 714 1343 moribus
745 1276 818 1343 huius
843 1296 961 1360 Epistulae
981 1313 1016 1345 vs.
1036 1298 1091 1345 441.
1117 1300 1238 1363 ingeniose

213 1362 382 1453 preeteu'us,
401 1368 496 1433 loquere
510 1380 591 1427 verbis
599 1397 715 1444 praeseu-
747 1384 858 1431 correxit.
875 1382 941 1446 Quod
962 1400 1034 1449 quum
1056 1384 1125 1449 plane
1148 1396 1240 1434 eontra-

216 1442 304 1540 lflmi
318 1454 393 1511 ⁰quss
408 1457 450 1520 id,
465 1464 528 1523 qued
541 1480 557 1512 a
571 1467 598 1515 0.
613 1469 715 1516 Caesare
747 1471 809 1517 rium
825 1472 856 1517 sit
868 1470 917 1531 rei,
941 1468 969 1518 de
986 1486 1033 1536 qua
1047 1472 1158 1520 Horatius
1174 1475 1238 1538 egit,
1291 1508 1293 1511 ·

218 1542 249 1576 tu
265 1534 351 1594 prime
372 1539 402 1588 ele
421 1544 547 1614 Armlege‘o
568 1553 630 1600 libro
651 1555 713 1601 seri-
728 1534 892 1602 'inserendam
913 1565 972 1619 puto
991 1556 1131 1621 particulam
1147 1560 1238 1623 negati-

215 1623 291 1680 ptum
306 1630 358 1685 est,
375 1626 434 1677 habe
449 1647 544 1699 sempor
559 1638 588 1684 iu
598 1640 715 1686 memem‘u
746 1655 812 1687 vam:
838 1641 914 1687 licuit
929 1656 1067 1704 semperque
1087 1644 1173 1690 licebit
1196 1645 1239 1691 Si·

220 1712 295 1769 “liuss
309 1710 339 1757 e'u
349 1722 463 1783 pectore,
480 1730 509 1769 ut
526 1731 648 1788 teneqemm
664 1743 713 1774 seo-
742 1734 850 1792 gemtum
870 1727 936 1774 houd
950 1707 1083 1791 praesente
1103 1736 1161 1776 uota
1180 1746 1239 1794 pro-

216 1795 317 1858 P'dums
340 1800 488 1870 sie‘fugeas
507 1811 652 1859 e'ueude'tum
676 1821 715 1860 ut·
746 1814 936 1862 eudereuomeu.
951 1815 1027 1862 licuit
1041 1830 1133 1879 semper
1146 1825 1241 1864 etsem-

222 1897 268 1945 que
280 1885 390 1935 insoleus
402 1892 507 1944 verbum.
521 1894 603 1958 Vides,
617 1898 713 1960 opinor,
746 1914 790 1962 per
797 1896 880 1945 licebit
891 1914 950 1946 nova
958 1916 1036 1947 rerum
1046 1901 1139 1948 nomina
1150 1901 1238 1966 secere,

221 1969 293 2020 verba
304 1985 436 2038 praesente
452 1990 508 2030 note
524 1985 629 2047 signata,
643 1981 715 2029 verba
747 1999 808 2047 quae
829 1982 929 2031 antehae
950 1986 1070 2048 incognita
1091 1996 1115 2033 et
1131 1987 1238 2037 inaudite

221 2064 368 2126 praesentia,
392 2081 440 2115 esse
461 2065 546 2130 verda,
568 2084 615 2115 non
636 2084 712 2130 πονοι,
746 2071 930 2131 erunt,nomina
948 2079 1055 2118 monetae
1070 2089 1117 2119 non
1129 2088 1238 2137 praeseu-

221 2146 263 2195 ted
283 2144 400 2215 cognite,
423 2161 448 2199 et
469 2154 586 2201 communi
609 2169 654 2200 usu
676 2170 713 2200 re·
746 2154 790 2215 tis,
808 2169 878 2219 quam
895 2171 1004 2219 praeseus
1019 2167 1084 2207 aetas
1099 2160 1200 2224 ignorat.

221 2245 290 2301 septu
306 2254 332 2286 ae
349 2240 460 2306 vigentia.
477 2242 570 2304 Omnia,
585 2257 645 2306 quae
654 2241 713 2288 Ben·
781 2241 813 2288 Ut
828 2243 906 2289 sileae
913 2242 993 2303 foliis
1003 2259 1095 2307 pruses
1107 2253 1238 2295 mutentur

221 2323 294 2373 tleius
317 2324 401 2389 effert,
429 2327 537 2393 exempla
561 2326 605 2376 hoc
630 2328 713 2375 confir·
745 2329 775 2375 iu
787 2344 871 2377 anuos.
887 2329 991 2378 lnsolens
1004 2333 1111 2397 profecto
1123 2333 1237 2400 loquendi

220 2423 294 2463 mant.
315 2416 360 2479 Qui
376 2415 439 2482 apud
454 2415 618 2483 Symmachum
634 2431 713 2463 moue-
745 2417 1238 2486 genus,silueesote'e'smutentur5qusd-
1279 2453 1284 2463 .

221 2508 273 2549 tem
300 2504 417 2550 Tullieuu
444 2505 532 2551 brioude
552 2505 653 2566 fimm't,
689 2506 711 2551 is
743 2520 789 2568 qne
806 2502 887 2564 nullo,
909 2513 936 2550 ut
953 2506 1050 2569 opinor,
1069 2507 1176 2572 exemplo
1192 2507 1237 2555 de-

220 2589 292 2637 fluxit
312 2605 378 2653 eam,
404 2606 464 2655 quae
490 2600 546 2639 tune
569 2606 629 2638 nova
650 2600 708 2637 erat.
744 2589 811 2637 feudi
832 2598 874 2636 aut
898 2591 1005 2637 excusari
1029 2601 1115 2657 potest.
1143 2592 1170 2640 ln
1191 2592 1237 2641 huo

220 2676 380 2741 Quintilianus
409 2678 556 2727 commendat
583 2695 712 2726 sermonem
745 2678 918 2726 constructione
932 2677 1030 2742 legerim
1046 2679 1139 2743 potius,
1156 2688 1236 2727 muta-

219 2773 376 2828 eeusuetum,
393 2767 536 2830 mellitum,
561 2764 603 2814 ulii
626 2782 712 2814 sermo·
743 2765 808 2812 tione
825 2765 936 2826 minima,
957 2764 990 2811 Ut
1004 2765 1237 2830 silueefeliispro·

219 2867 274 2900 nem
293 2852 408 2916 publicae
431 2858 553 2914 mmmtee,
579 2852 713 2898 emmonis
744 2866 789 2896 uos
810 2849 935 2896 nudentur
955 2851 985 2897 ιἰι
1005 2867 1089 2900 eureos.
1110 2851 1190 2899 Cicero
1210 2854 1236 2901 in

220 2945 345 3001 mmeetue,
367 2938 430 3005 quod
453 2938 516 2988 idem
537 2946 573 2985 est
595 2954 622 2986 aa
639 2952 713 3001 pree·
744 2938 850 2986 Arateis:
872 2938 1007 2985 Deuudeut
1018 2937 1099 2998 foliis
1113 2954 1197 2988 remes
1210 2948 1236 2989 et

220 3027 302 3075 sentes
321 3034 445 3089 mouetur,
462 3027 606 3090 praesentis
627 3031 706 3074 uotae.
740 3027 830 3073 cortice
847 3032 953 3074 trunces.
969 3024 1111 3074 Claudianus
1127 3025 1236 3076 debello

220 3115 292 3174 Plane
302 3124 330 3161 ut
342 3116 457 3163 Lucienus
470 3112 643 3178 inLexiphaue
653 3114 678 3161 T.
687 3113 707 3162 1.
740 3114 822 3161 Getico
843 3130 866 3162 v.
882 3115 937 3161 ldb.
964 3113 1073 3177 Frigido
1095 3120 1135 3160 ter
1153 3113 1235 3161 deeius

221 3198 259 3248 ed.
275 3199 357 3248 Graes.
371 3215 426 3265 pag.
436 3200 492 3247 836.
506 3197 654 3263 Lexiphaues
666 3196 710 3245 ha·
740 3197 860 3244 nudatum
864 3197 999 3256 frondibus
1009 3200 1128 3249 Humum
1143 3202 1234 3248 Tendit

219 3286 262 3337 bet
274 3285 338 3334 hune
354 3285 473 3335 morbum:
495 3287 565 3350 ἡμᾶς
581 3286 645 3343 τοὺς
661 3287 712 3334 νῦν
743 3287 822 3333 hienis
838 3287 930 3333 vestire
943 3287 1010 3350 gelu.
1033 3288 1114 3337 Senes.
1136 3288 1233 3353 Hippoi.

220 3375 450 3444 προσομιλοῦντας
468 3374 633 3433 καταλιπὼν,
658 3377 710 3441 πρὸ
742 3378 798 3424 eut.
819 3376 922 3424 Utuuue
937 3391 1011 3423 oenoe
1018 3376 1124 3441 frigere
1137 3376 1234 3422 brienses

221 3463 313 3530 χιλίαν
343 3462 409 3511 ἐτῶν
434 3463 499 3526 ἡμῖν
533 3461 709 3525 διαλέγεται,
740 3462 844 3510 Nudeut
858 3465 953 3511 siloes:
977 3479 1041 3510 mune
1057 3463 1167 3510 arbustis
1182 3462 1234 3509 lle-

220 3548 386 3614 διαστρέφων
419 3551 471 3612 τὴν
503 3546 628 3610 γλῶτταν
663 3547 710 3595 καὶ
742 3548 817 3595 deum
831 3551 936 3597 umbrae.
954 3539 1151 3614 Severus,‘poetu
1164 3548 1234 3597 chri-

220 3636 304 3688 uuuul
335 3636 369 3684 τὰ
397 3633 531 3683 ἀλλόκοτα
558 3633 712 3691 συντιθεὶς,
746 3635 851 3697 stianus:
880 3636 958 3693 Quam
973 3636 1062 3683 multis
1073 3636 1153 3695 soliis
1168 3637 1234 3685 silea

220 3726 267 3776 uel
285 3722 407 3788 σπουδὴν
423 3720 581 3780 ποιούμενος
597 3718 638 3768 ἐπ’
658 3720 710 3769 αὐ·
743 3720 886 3770 cedentibus
905 3722 1036 3784 Nudetur,
1054 3723 1151 3787 gelidis
1166 3731 1234 3772 toete

221 3818 292 3870 τοῖς,
318 3809 351 3869 ὡς
374 3810 410 3876 δή
430 3828 456 3860 τι
479 3809 549 3872 μέγα
572 3808 618 3865 ὃν,
641 3805 667 3857 el
684 3826 712 3856 τι
744 3810 907 3872 apertionibus.
929 3809 970 3857 tel
980 3808 1060 3857 eadem
1073 3827 1167 3874 prorsus
1177 3829 1234 3860 sen-

220 3900 333 3963 ξενίζοι,
360 3899 406 3947 καὶ
425 3899 643 3963 τὸαατιστηιιὸς
662 3900 712 3960 τῆς
743 3897 819 3943 tentia
832 3895 944 3962 legerim,
957 3893 1006 3944 levi
1017 3897 1075 3944 item
1088 3900 1232 3962 mutatione,

221 3992 307 4052 φωνῆς
331 3987 511 4054 παρακόπτοι.
537 3995 562 4033 et
577 3982 642 4032 Ovid.
663 3984 714 4032 Art.
750 3983 783 4029 Ut
803 3984 882 4030 siloae
896 3983 976 4044 foliis
988 3998 1081 4047 pronos
1097 3984 1235 4033 viduantur

221 4077 297 4127 Amat.
319 4075 361 4122 111.
377 4074 438 4121 470:
457 4073 553 4122 Munda
567 4072 612 4121 sed
628 4087 641 4118 ο
664 4086 712 4118 me-
743 4072 773 4117 iu
781 4086 865 4119 anuos.
875 4071 946 4119 Plane
954 4080 981 4118 ut
990 4071 1072 4120 Noster
1079 4072 1231 4133 Carm.,11,9.

222 4165 280 4227 aio,
308 4166 466 4221 eoruueteque
498 4160 588 4220 verbe,
615 4156 712 4221 puellae
743 4154 798 4203 Aut
809 4154 888 4215 feliis
909 4155 1044 4204 eidueutur
1062 4158 1125 4206 erui.
1150 4156 1233 4222 virgil.
