3009 5000
275 479 314 539 44
534 464 748 542 uoniam
778 481 1023 541 nrrsrotn

303 679 404 749 Hunc
426 681 514 751 socci
535 705 650 776 cepere
668 681 788 775 pedem
814 680 1022 776 grandesque
1043 680 1218 772 cothurni,

301 797 449 875 Alternis
474 808 591 894 aptum
612 799 836 889 sermonibus,
863 808 896 869 et
919 801 1100 895 populares

300 917 493 987 Vincentem
516 920 688 1013 strepitus,
715 926 748 988 et
769 928 885 988 natum
909 918 1010 989 rebus
1031 919 1178 1011 agendis.

300 1035 395 1106 Musa
416 1035 508 1106 dedit
529 1036 653 1106 fidibus
675 1016 788 1126 ditos,
803 1056 1006 1130 'puerosque
1028 1036 1186 1126 deorum,

298 1154 339 1225 Et
356 1155 506 1248 pugilem
522 1157 698 1243 victorem,
716 1164 750 1225 et
763 1179 889 1248 equum
903 1157 1082 1225 certamine
1094 1158 1260 1251 primum,
1351 1196 1354 1205 ·

296 1272 338 1343 Et
362 1268 520 1342 iuvenum
544 1268 670 1362 curas‚.
685 1283 719 1344 et
741 1274 847 1343 libera
870 1276 947 1343 vina
970 1273 1105 1344 referre.

299 1393 489 1486 Descriptus
512 1414 642 1462 servare
664 1394 751 1462 vices
777 1416 986 1485 operumque
1007 1393 1156 1481 colores,

298 1510 368 1580 Cur
392 1535 473 1603 ege,
499 1511 526 1579 si
550 1535 681 1603 nequeo
706 1497 912 1604 ignoroqueg
934 1521 1032 1605 poeta
1054 1508 1208 1580 solutor?

298 1629 367 1699 Cur
393 1631 538 1718 nescire,
561 1629 692 1724 pudens
711 1610 833 1724 prave,
853 1654 956 1723 quam
978 1630 1121 1720 discere,
1144 1626 1258 1699 malo?

185 1768 190 1772 ’
261 1798 263 1801 -
298 1746 457 1818 Versibus
480 1751 602 1843 exponi
626 1751 761 1843 tragicis
785 1772 836 1819 res
858 1749 986 1820 comice
1006 1773 1075 1819 non
1095 1750 1188 1818 vult:

296 1867 494 1960 Indignatur
518 1869 597 1937 item
623 1869 760 1962 privatis
784 1892 822 1937 ac
843 1892 950 1962 prope
975 1891 1073 1938 socco
1139 1954 1142 1958 ι

297 1986 413 2077 Dignis
429 1985 643 2058 ,carminibus
666 1986 795 2054 narrari
820 2009 924 2055 coena
950 1986 1125 2078 Thyestae.

297 2104 437 2197 Singula
458 2126 613 2196 quaeque
634 2104 748 2174 locum
770 2111 904 2173 teneant
926 2104 1041 2173 sortita
1063 2103 1234 2173 decenter:

294 2351 410 2402 Alternis
430 2360 516 2418 aptum
540 2355 707 2417 sermonibus,
735 2362 762 2402 et
793 2363 911 2411 sumetur;
936 2369 1005 2414 cum,
1022 2354 1043 2400 si
1058 2352 1171 2400 decenter
1186 2348 1289 2414 legeris,

260 2440 391 2504 populares
409 2415 548 2486 Vincentem
564 2442 694 2504 strepitus.
720 2440 761 2486 Po·
793 2442 833 2486 vix
848 2450 883 2486 est
899 2449 927 2485 ut
944 2456 990 2485 non
1004 2439 1094 2502 passive
1109 2442 1192 2484 eontra
1202 2441 1290 2481 motem

250 2527 345 2572 .tuisset
375 2524 485 2570 Horatius
516 2524 617 2571 seribere
644 2525 761 2571 vincendo
792 2526 930 2587 accipiatur.
953 2522 1110 2569 BENTLElVS.

260 2611 391 2672 strepitus.
421 2607 466 2655 Sed
483 2610 618 2655 vincentem
635 2609 759 2673 praetulit.
824 2610 870 2672 Ego
886 2607 926 2655 hic
941 2624 1018 2672 neque
1035 2607 1146 2654 &center
1158 2617 1235 2670 neque
1251 2605 1291 2652 de·

260 2697 383 2759 Postquam
397 2694 540 2742 scilicetusu
548 2693 679 2742 didicerant
696 2697 758 2741 e'ant-
789 2702 881 2742 centem
898 2692 979 2758 probo.
994 2693 1105 2740 Horatius
1117 2691 1224 2757 loquitur
1236 2691 1291 2739 uui·

262 2782 316 2828 dum
332 2781 428 2827 vincere
444 2782 581 2844 strepitus,
595 2781 693 2828 carmini
709 2780 761 2828 dra·
793 2797 858 2827 verse
875 2778 903 2826 de
921 2777 1023 2826 dictione
1039 2778 1136 2843 Tragisa
1149 2787 1173 2824 et
1189 2777 1289 2825 Comicn.

261 2869 347 2915 uiatico
363 2868 493 2932 assignatus
508 2877 543 2914 est
560 2877 584 2915 et
597 2869 690 2915 mansit.
789 2867 851 2914 Haec
865 2866 935 2913 unice
953 2864 1061 2913 convenit
1076 2861 1229 2928 Tragoediae,
1246 2862 1290 2910 illa

293 2955 370 3000 Poeta
385 2955 488 3001 salutar.
514 2954 576 3000 Unus
592 2955 655 3000 inter
671 2952 758 3001 multos
790 2954 859 3000 unice
876 2950 1019 2999 Comoedias.
1042 2950 1118 3015 lgitur
1133 2966 1201 2997 suum
1218 2965 1289 3014 quae·

261 3049 285 3087 et
309 3041 379 3086 miros
404 3056 492 3086 errores
516 3040 630 3103 principis
650 3036 761 3085 editionis
793 3054 839 3103 qne
863 3039 946 3085 sortita
961 3036 1038 3084 locum
1054 3045 1142 3083 teneat.
1165 3035 1274 3082 Discerne

259 3125 360 3173 Venetae
373 3124 413 3172 hic
431 3136 483 3187 est,
504 3136 532 3172 ut
549 3142 590 3190 pro
606 3126 701 3172 solator
717 3139 759 3171 ex·
789 3125 882 3189 inquit,
896 3124 921 3170 in
935 3121 1037 3169 dictione
1051 3123 1139 3184 omnia,
1150 3122 1228 3169 omnia
1241 3136 1289 3166 sor·

259 3226 364 3275 pressum
380 3212 411 3257 sit
427 3213 543 3259 sulcator.
788 3211 878 3257 tiantur
895 3217 920 3255 ει
938 3217 1034 3255 teneant
1050 3207 1136 3254 locum.
1153 3208 1180 3253 ln
1195 3207 1289 3252 sortita

292 3296 400 3359 Singula
431 3312 535 3360 quaeque
560 3298 636 3344 locunt
660 3302 761 3343 teneant
793 3296 898 3343 cernitur
909 3292 1023 3340 iudicium
1032 3304 1123 3358 poetae.
1136 3287 1288 3354 0mne‚quod

259 3382 353 3429 sertita
369 3381 487 3429 decenter.
510 3381 586 3430 Codex
607 3384 670 3430 inter
688 3382 757 3429 Blau-
790 3382 824 3427 ita
832 3380 909 3427 locum
918 3389 998 3440 tenet,
1018 3378 1286 3442 suolocopositumest,

259 3465 335 3514 dinios
347 3467 519 3513 vetustissimus
535 3483 588 3514 cum
604 3466 679 3514 altero
696 3466 760 3531 apud
792 3465 850 3514 adeo
866 3474 894 3512 ut
909 3465 1030 3512 decentem
1042 3464 1112 3529 plane
1124 3464 1156 3510 sit
1177 3462 1285 3511 otiosum.

258 3552 399 3617 Crnquium,
433 3561 457 3598 et
484 3552 641 3617 Vigorniensis
662 3562 757 3614 noster,
790 3552 866 3616 Atque
882 3550 927 3599 hoc
944 3551 1018 3615 magis
1032 3551 1057 3597 iu
1073 3547 1152 3596 oculos
1167 3548 1285 3609 incurrit,

260 3640 368 3703 Singula
384 3652 488 3700 quaeque
504 3639 580 3685 tantm
592 3645 692 3685 tesseant
708 3652 760 3685 sor-
798 3638 819 3684 si
835 3638 936 3702 cogites,
958 3634 1021 3702 quod
1044 3631 1170 3681 Neerlaudi
1186 3631 1286 3681 dicimus

259 3726 311 3770 tito
323 3724 452 3771 decentem,
466 3722 603 3787 Elegantius
616 3723 756 3788 meliusque.
789 3724 892 3787 singula
907 3725 982 3770 locem
999 3725 1105 3767 teneant.
1122 3719 1158 3765 lta
1174 3718 1224 3782 ipse
1240 3719 1286 3767 llo·

258 3808 296 3856 Sic
312 3807 371 3856 alibi
387 3809 485 3871 Noster,
503 3808 587 3856 decens
604 3808 694 3870 Venas,
716 3808 755 3855 de-
787 3808 862 3855 ratius
885 3808 911 3855 in
935 3806 979 3854 hac
997 3803 1100 3868 Epistola
1115 3820 1149 3852 vs.
1168 3807 1205 3852 19.
1237 3805 1287 3853 Sed

258 3909 314 3941 ants
328 3896 441 3956 iuvenis,
463 3894 547 3941 &cecis
562 3901 655 3956 motas,
674 3894 757 3942 decen·
788 3910 851 3941 nunc
863 3909 911 3940 non
924 3898 979 3939 crat
994 3891 1035 3937 liis
1047 3890 1120 3938 Ιοειιε.
1134 3888 1206 3939 Serm.
1216 3891 1250 3952 11,
1259 3904 1282 3953 1,

258 3985 296 4026 tes
313 3981 432 4041 Gratiae,
451 3981 561 4028 decentes
575 3980 662 4027 malas.
687 3978 752 4027 Certe
785 3981 825 4027 44.
839 3978 948 4026 Necdum
961 3977 1039 4023 nanis
1050 3976 1136 4023 alceta
1148 3977 1284 4040 Paupertas

260 4072 285 4111 et
300 4063 345 4111 hoc
362 4075 430 4129 pacto
449 4067 585 4130 compositio
599 4066 691 4113 dulcior
705 4075 754 4128 est,
788 4066 869 4129 epulis
883 4079 975 4128 regum.
992 4077 1049 4109 nant
1062 4063 1155 4109 vilibus
1167 4064 1219 4109 cris
1233 4062 1282 4109 nt·-

260 4157 284 4196 et
301 4150 333 4197 τὸ
351 4152 455 4212 sortita,
472 4161 543 4215 prout
558 4168 601 4216 par
614 4161 663 4214 est,
678 4152 754 4202 active
783 4153 887 4215 grisqae
902 4157 941 4198 est
957 4150 1018 4197 olcis
1030 4148 1100 4196 lindie
1116 4148 1189 4195 lonas
1206 4147 1280 4210 Epist.
