3009 5000
295 496 353 558 130
556 494 770 558 uoltum
801 491 1048 552 EPISTOLA

321 716 413 786 Ficta
431 717 614 810 voluptatis
638 728 774 802 caussa,
799 714 866 783 sint
884 715 1037 806 proxima
1063 716 1166 783 veris:

316 835 407 925 -Neo,
435 833 676 929 quodcumque
698 833 798 923 uelit,
822 837 940 928 poseat
962 831 1026 901 sibi
1051 831 1167 902 fabula
1188 828 1298 914 credi,

282 1094 371 1148 Vereor
398 1101 488 1165 igitur,
512 1117 543 1148 ue
566 1098 680 1148 monacho
704 1100 785 1165 potius
817 1101 927 1149 trimonio
942 1100 1073 1165 praeferre.
1090 1099 1164 1164 Quale
1185 1108 1265 1147 autem
1285 1096 1315 1145 il·

285 1202 357 1252 quam
387 1186 470 1235 Flaeoo
497 1185 629 1234 versiculus
660 1182 785 1233 debeatur.
818 1185 862 1234 lud
876 1186 964 1246 faeere
980 1182 1163 1249 patrimonia?
1183 1200 1245 1250 qnae
1266 1199 1315 1232 sea·

284 1271 394 1321 Eiusdem
424 1287 518 1338 quoque
543 1270 664 1319 commatis
687 1269 783 1318 videtur
815 1269 867 1320 bies
887 1271 1033 1320 locutionis?
1064 1271 1138 1334 Quam
1161 1270 1267 1318 alienum
1291 1277 1316 1316 et

284 1357 346 1421 ille,
367 1354 441 1405 Serus.
458 1356 496 1419 11,
519 1353 659 1418 n,38„de
679 1371 727 1421 quo
748 1353 786 1403 di·
816 1372 946 1421 pannosum
969 1354 1033 1404 illud
1053 1357 1119 1403 vitio
1142 1351 1229 1403 coesi?
1253 1352 1316 1420 quod

284 1459 352 1504 uere,
368 1441 413 1489 ubi
424 1441 491 1490 loeus
506 1450 572 1504 erat,
589 1442 668 1489 nescio
684 1454 730 1507 quo
747 1458 786 1489 ca·
817 1457 845 1490 eo
857 1450 951 1489 tantum
963 1443 1078 1503 assuitur,
1089 1450 1118 1488 ut
1126 1440 1240 1488 versiculi
1247 1449 1316 1489 cento

274 1542 312 1576 'su
330 1526 420 1575 oblitus
443 1542 508 1575 sum:
530 1527 634 1576 Ieiums
654 1542 712 1575 raro
732 1534 783 1574 sto-
814 1527 937 1575 sarciatur.
954 1527 1013 1591 Ergo
1026 1524 1096 1574 obelo
1110 1524 1261 1590 configendas
1273 1523 1316 1572 lios

284 1613 386 1660 mucius
408 1613 528 1677 vulgaria
556 1613 655 1669 temnit.
693 1612 786 1677 Quippe
818 1628 899 1660 versus
912 1612 1190 1671 cense03etiamsivetus
1202 1609 1317 1658 ibiSebo-

284 1697 321 1747 ibi
342 1709 368 1747 et
383 1700 497 1747 orationis
512 1714 606 1747 cursum
627 1697 689 1745 male
712 1698 788 1745 iuter-
819 1696 1002 1760 liastes,uthic
1016 1695 1316 1762 quoqueapudllostrum,

282 1785 359 1850 cipit:
376 1794 402 1832 et
417 1783 443 1833 in
458 1782 566 1849 ambigui
586 1784 672 1833 vitium
687 1782 782 1832 incidit.
815 1799 858 1848 pro
874 1783 984 1848 genuinis
999 1783 1129 1847 agnoverit.
1149 1782 1270 1847 Denique,
1286 1791 1316 1828 ut

275 1864 332 1918 'Inrn
350 1869 408 1918 olim
424 1871 488 1918 enim
505 1868 672 1918 aSeholiastis
687 1866 784 1916 dubita-
814 1869 890 1933 magis
910 1861 973 1916 'scias
995 1869 1126 1915 sententias
1149 1867 1205 1916 illas
1228 1868 1316 1932 passim

280 1965 333 2003 tum
347 1965 397 2018 est,
413 1964 495 2003 utrum
510 1970 568 2002 roro
578 1955 682 2001 ieiunus
695 1970 727 2001 an
742 1968 784 2000 ro·
814 1952 878 2000 mala
892 1969 965 2001 manu
980 1954 1101 2011 inferciri3
1121 1970 1190 2001 narro
1206 1955 1254 2002 iam
1267 1951 1315 2002 tibi

278 2056 311 2087 ro
329 2037 649 2103 temnitsitaocipiendnm.
666 2039 782 2085 Nimirum
814 2036 917 2085 disticha
945 2037 1095 2104 epimytbia,
1124 2056 1185 2104 quae
1214 2038 1317 2105 singulis

280 2133 324 2172 aut
339 2123 426 2185 fallor,
442 2133 486 2172 aut
498 2122 543 2172 hae
556 2124 688 2171 sententiae
705 2138 735 2171 ex
751 2122 782 2171 li·
813 2122 897 2171 lvieni
916 2121 1007 2171 fabulis
1021 2122 1216 2189 subiunguntur,
1236 2124 1316 2173 omnia

278 2206 330 2257 bris
358 2208 511 2271 trivialibus,
540 2209 584 2274 qui
615 2218 667 2256 tum
698 2209 781 2273 pueris
812 2210 965 2274 supposititia
986 2209 1033 2257 καὶ
1053 2211 1136 2257 κακοῦ
1157 2210 1311 2272 κόμματος,

279 2293 494 2361 praelegebantur,
510 2310 574 2342 nune
587 2295 722 2359 perierunt,
739 2292 781 2341 de·
813 2304 838 2341 et
850 2295 877 2341 in
889 2293 1006 2358 Galeano,
1020 2311 1067 2360 quo
1080 2311 1137 2342 usus
1149 2311 1215 2357 sum,
1229 2294 1315 2344 Codice

272 2390 372 2429 'sumtae
388 2386 460 2429 sarit:
483 2390 508 2427 et
530 2395 584 2427 cum
597 2380 623 2427 in
640 2378 782 2443 exemplaris
813 2379 882 2428 nulla
897 2396 1040 2445 comparere.
1058 2381 1219 2430 RENTLEIIIS.

276 2482 321 2516 ora
335 2465 403 2515 velut
423 2465 476 2513 loco
491 2465 613 2529 appositae
630 2474 656 2512 et
674 2465 783 2512 oonsimi-
846 2465 899 2512 Nou
922 2464 992 2513 medo
1015 2465 1138 2532 aliquem,
1162 2467 1197 2516 sie
1217 2483 1232 2516 a
1255 2468 1316 2516 Ren-

276 2551 313 2600 les
335 2568 350 2598 a
370 2551 482 2616 quopiam
497 2559 651 2611 notarentur,
676 2551 777 2613 posteri·
809 2549 868 2597 tleio
886 2549 1049 2612 admonitum,
1073 2551 1147 2599 talem
1162 2569 1256 2602 versum
1271 2570 1314 2619 pro

276 2634 358 2684 oribus
396 2633 510 2682 Librariis
543 2633 626 2681 fucum
657 2633 777 2682 fecerunt.
810 2636 914 2698 genuino
922 2651 972 2682 esse
980 2633 1127 2684 habituram.
1142 2636 1255 2703 liquidem
1263 2639 1315 2704 pla-

273 2713 361 2769 lisdem
371 2718 433 2768 milri
447 2717 550 2785 suspicio
563 2728 599 2767 est
615 2718 645 2766 de
658 2718 777 2768 luvenalis
808 2737 839 2767 ne
846 2721 945 2785 ignoro,
961 2720 1020 2787 quid
1028 2718 1059 2769 ad
1070 2738 1125 2770 eum
1138 2722 1314 2772 defendendum

273 2807 329 2855 loeo
344 2806 403 2870 ΧΠ,
418 2807 460 2854 50.
476 2803 522 2854 ubi
541 2814 636 2868 narrat,
652 2815 681 2853 ut
696 2804 775 2853 Gatnl-
807 2822 861 2854 cum
876 2805 958 2871 aliqua
972 2808 1024 2854 veri
1037 2809 1117 2871 speeie
1132 2808 1216 2858 afferri
1228 2811 1312 2874 possit.

276 2892 316 2942 lus
338 2908 396 2941 suus
411 2892 438 2940 in
453 2907 543 2939 summo
558 2891 681 2956 naufragii
695 2888 778 2939 discri-
810 2892 925 2939 Pectoris
940 2902 965 2939 et
988 2895 1099 2957 emporia
1118 2894 1261 2943 creberrima
1276 2904 1313 2943 est

275 2981 354 3041 mine,
379 2994 427 3044 quo
450 2993 533 3026 navem
556 2976 664 3037 levaret,
687 2978 777 3040 pretio-
808 2979 834 3025 in
849 2976 973 3025 (lodicibus
980 2980 1133 3043 permutatio.
1142 2980 1256 3045 Virgilius
1268 2980 1313 3029 le·

279 3065 398 3114 umnam
415 3062 590 3129 supellectilem
605 3061 632 3109 iu
646 3077 710 3108 mare
728 3078 783 3126 pro·
814 3062 879 3111 neid.
901 3064 1023 3125 111‚175.
1058 3067 1120 3112 Tum
1139 3067 1242 3131 gelidam
1262 3073 1314 3114 toto

279 3150 378 3198 iecerit:
400 3150 451 3198 Sed
466 3150 524 3213 quis
543 3164 608 3196 mmo
627 3148 710 3208 alius,
734 3162 783 3208 qua
813 3150 929 3195 manabat
944 3164 1041 3214 empore
1056 3151 1138 3200 sudor.
1160 3151 1242 3200 ubiin
1254 3150 1313 3199 duo·

276 3234 365 3282 mnndi
374 3241 468 3297 porte,
492 3235 550 3298 quio
572 3233 648 3281 aedes
668 3231 780 3297 Argenta
811 3231 856 3281 bus
868 3233 996 3282 Burmanni
1008 3234 1078 3284 Godd.
1096 3246 1147 3284 erat
1157 3243 1265 3301 pectore.

271 3318 401 3385 praeferre
415 3327 503 3382 eaput,
520 3321 636 3383 rebusque
650 3314 778 3366 mittem?
842 3316 908 3379 Nee,
922 3320 1082 3384 quodamque
1094 3323 1170 3382 velit,
1176 3329 1264 3384 posent
1275 3324 1312 3369 si·

277 3405 346 3470 (Nou
364 3411 470 3470 propter
484 3405 565 3451 eitam
577 3404 684 3465 suriunt
693 3405 780 3469 potti-
812 3403 942 3463 sisebuto
964 3407 1040 3454 erodi.
1065 3407 1119 3454 Nec
1134 3404 1311 3455 editionesiam

274 3492 358 3539 mortio
388 3489 505 3553 quidam,
538 3490 588 3537 Sed
615 3492 681 3538 vitio
711 3489 778 3538 coeci
808 3487 839 3535 ab
854 3491 924 3537 annis
945 3491 1048 3556 amplias
1066 3501 1174 3540 eentum:
1199 3502 1225 3540 at
1245 3495 1311 3558 prin-

271 3582 375 3642 proptes·
389 3575 547 3640 pots-immo
561 3575 671 3639 visani)
695 3577 777 3624 Iacto·
809 3576 873 3639 eipes
889 3574 947 3624 illae
969 3594 1023 3624 eum
1043 3576 1153 3642 pluribus
1174 3576 1309 3641 codicibus,

162 3669 176 3688 s
274 3671 318 3711 tur
340 3676 423 3710 rerum
445 3660 552 3708 otiliam
570 3676 634 3724 pars
647 3662 776 3708 marinio:
806 3661 978 3710 vetustioribus
1004 3672 1069 3709 certe
1089 3661 1213 3726 omnibus,
1236 3664 1310 3713 Grae·

275 3747 322 3797 sed
340 3762 384 3796 neo
406 3748 505 3794 Damno
529 3747 621 3793 levam.
644 3745 713 3793 Vides
734 3743 776 3793 hie
808 3747 895 3809 viano,
909 3746 1031 3809 leidensi,
1047 3747 1188 3811 Reginensi,
1210 3749 1310 3814 (Vossia-

275 3836 303 3882 in
325 3831 427 3882 mediam
441 3832 601 3879 narrationem
622 3830 777 3879 sententiolas
808 3848 854 3879 nus
881 3831 922 3880 hie
951 3831 1042 3895 deficit)
1074 3833 1149 3881 Ficta
1172 3837 1309 3900 voluptatis

275 3918 320 3967 bas
334 3915 441 3980 intrudi,
465 3915 549 3982 putide
565 3932 661 3981 prorsus
682 3926 707 3964 et
721 3932 777 3981 per·
808 3933 897 3965 caussa
925 3918 981 3964 siut
1007 3920 1124 3982 prosimu
1156 3923 1240 3970 serie:
1268 3921 1309 3970 No

278 4019 350 4068 quam
372 4004 466 4052 inseite.
503 4003 618 4066 Quorsum
651 4005 714 4051 enim
737 4001 971 4070 bielquedmmque
991 4006 1069 4068 volet,
1087 4016 1175 4070 poseat
1198 4010 1251 4056 sibi
1261 4009 1307 4069 sa·

277 4084 406 4146 Quidam?
419 4104 473 4135 eum
484 4089 531 4135 iam
544 4086 650 4150 dixerat,
664 4104 777 4136 neunum
809 4089 865 4136 bula
880 4090 956 4138 credi.
979 4090 1015 4138 lta
1036 4090 1103 4156 loqui
1122 4102 1186 4140 amat
1209 4095 1303 4150 Noster3

276 4170 372 4240 quidem
394 4170 447 4219 ulla
462 4171 545 4221 mundi
564 4182 633 4237 parte
646 4176 719 4222 vitam
735 4190 777 4239 pa·
809 4173 1247 4239 videsuprass.185.BENll,ElVS.
