<?xml version="1.0" encoding="UTF-8"?>
<!DOCTYPE html PUBLIC "-//W3C//DTD XHTML 1.0 Transitional//EN"
    "http://www.w3.org/TR/xhtml1/DTD/xhtml1-transitional.dtd">
<html xmlns="http://www.w3.org/1999/xhtml" xml:lang="en" lang="en">
 <head>
  <title>
</title>
<meta http-equiv="Content-Type" content="text/html;charset=utf-8" />
  <meta name='ocr-system' content='tesseract 3.04.00' />
  <meta name='ocr-capabilities' content='ocr_page ocr_carea ocr_par ocr_line ocrx_word'/>
</head>
<body>
  <div class='ocr_page' id='page_1' title='image "./qhoratiiflaccie00peergoog_0099.png"; bbox 0 0 3009 5000; ppageno 0'>
   <div class='ocr_carea' id='block_1_1' title="bbox 565 457 1226 523">
    <p class='ocr_par' dir='ltr' id='par_1_1' title="bbox 565 457 1226 523">
     <span class='ocr_line' id='line_1_1' title="bbox 565 457 1226 523; baseline -0.006 0"><span class='ocrx_word' id='word_1_1' title='bbox 565 462 625 523; x_wconf 78' lang='lat' dir='ltr'><strong>tn</strong></span> <span class='ocrx_word' id='word_1_2' title='bbox 656 462 871 523; x_wconf 68' lang='lat' dir='ltr'><strong>Plsottut</strong></span> <span class='ocrx_word' id='word_1_3' title='bbox 1169 457 1226 519; x_wconf 75' lang='lat'><strong>153</strong></span> 
     </span>
    </p>
   </div>
   <div class='ocr_carea' id='block_1_2' title="bbox 241 662 1216 759">
    <p class='ocr_par' dir='ltr' id='par_1_2' title="bbox 241 662 1216 759">
     <span class='ocr_line' id='line_1_2' title="bbox 241 662 1216 759; baseline -0.005 -21"><span class='ocrx_word' id='word_1_4' title='bbox 241 664 384 738; x_wconf 91' lang='lat' dir='ltr'><strong>Nullum</strong></span> <span class='ocrx_word' id='word_1_5' title='bbox 401 664 492 735; x_wconf 84' lang='lat' dir='ltr'><strong>ultra</strong></span> <span class='ocrx_word' id='word_1_6' title='bbox 504 662 643 735; x_wconf 79' lang='lat' dir='ltr'><strong>verbum</strong></span> <span class='ocrx_word' id='word_1_7' title='bbox 653 671 712 735; x_wconf 87' lang='lat' dir='ltr'><strong>eut</strong></span> <span class='ocrx_word' id='word_1_8' title='bbox 724 687 859 759; x_wconf 82' lang='lat' dir='ltr'>operam</span> <span class='ocrx_word' id='word_1_9' title='bbox 870 663 1059 735; x_wconf 72' lang='lat' dir='ltr'><strong>insumebat</strong></span> <span class='ocrx_word' id='word_1_10' title='bbox 1070 664 1216 753; x_wconf 87' lang='lat' dir='ltr'><strong>inanem,</strong></span> 
     </span>
    </p>
   </div>
   <div class='ocr_carea' id='block_1_3' title="bbox 132 864 1287 4180">
    <p class='ocr_par' dir='ltr' id='par_1_3' title="bbox 132 864 1287 2045">
     <span class='ocr_line' id='line_1_3' title="bbox 211 864 1233 933; baseline 0.001 -18"><span class='ocrx_word' id='word_1_11' title='bbox 211 878 236 915; x_wconf 89' lang='lat' dir='ltr'><strong>et</strong></span> <span class='ocrx_word' id='word_1_12' title='bbox 256 869 282 916; x_wconf 89' lang='lat' dir='ltr'><strong>in</strong></span> <span class='ocrx_word' id='word_1_13' title='bbox 304 877 411 917; x_wconf 84' lang='lat' dir='ltr'><strong>veterum</strong></span> <span class='ocrx_word' id='word_1_14' title='bbox 433 868 527 933; x_wconf 72' lang='lat' dir='ltr'><strong>scriptia</strong></span> <span class='ocrx_word' id='word_1_15' title='bbox 544 865 641 932; x_wconf 78' lang='lat' dir='ltr'><strong>herpes,</strong></span> <span class='ocrx_word' id='word_1_16' title='bbox 663 869 706 933; x_wconf 85' lang='lat' dir='ltr'><strong>qui</strong></span> <span class='ocrx_word' id='word_1_17' title='bbox 737 866 820 916; x_wconf 74' lang='lat' dir='ltr'><strong>Noster</strong></span> <span class='ocrx_word' id='word_1_18' title='bbox 835 864 908 930; x_wconf 76' lang='lat' dir='ltr'><strong>alibi,</strong></span> <span class='ocrx_word' id='word_1_19' title='bbox 924 867 1080 933; x_wconf 54' lang='lat' dir='ltr'><strong>Epictiti,</strong></span> <span class='ocrx_word' id='word_1_20' title='bbox 1095 868 1152 917; x_wconf 70' lang='lat'><strong>233.</strong></span> <span class='ocrx_word' id='word_1_21' title='bbox 1172 869 1233 916; x_wconf 82' lang='lat' dir='ltr'><strong>Gre-</strong></span> 
     </span>
     <span class='ocr_line' id='line_1_4' title="bbox 210 951 1235 1019; baseline -0.002 -17"><span class='ocrx_word' id='word_1_22' title='bbox 210 968 297 1002; x_wconf 83' lang='lat' dir='ltr'><strong>vererre</strong></span> <span class='ocrx_word' id='word_1_23' title='bbox 311 961 434 1017; x_wconf 80' lang='lat' dir='ltr'><strong>tornator,</strong></span> <span class='ocrx_word' id='word_1_24' title='bbox 445 951 507 1019; x_wconf 85' lang='lat' dir='ltr'><strong>quod</strong></span> <span class='ocrx_word' id='word_1_25' title='bbox 520 951 583 1017; x_wconf 77' lang='lat' dir='ltr'><strong>apud</strong></span> <span class='ocrx_word' id='word_1_26' title='bbox 596 952 705 1000; x_wconf 79' lang='lat' dir='ltr'><strong>Nostrum</strong></span> <span class='ocrx_word' id='word_1_27' title='bbox 739 960 781 1000; x_wconf 81' lang='lat' dir='ltr'><strong>tre</strong></span> <span class='ocrx_word' id='word_1_28' title='bbox 793 952 932 1001; x_wconf 68' lang='lat' dir='ltr'><strong>Alexandro</strong></span> <span class='ocrx_word' id='word_1_29' title='bbox 947 954 1004 1017; x_wconf 77' lang='lat' dir='ltr'><strong>regi</strong></span> <span class='ocrx_word' id='word_1_30' title='bbox 1017 953 1175 1019; x_wconf 75' lang='lat' dir='ltr'><strong>Magnesuit</strong></span> <span class='ocrx_word' id='word_1_31' title='bbox 1188 953 1235 1001; x_wconf 80' lang='lat' dir='ltr'><strong>itta</strong></span> 
     </span>
     <span class='ocr_line' id='line_1_5' title="bbox 132 1028 1234 1102; baseline -0.003 -15"><span class='ocrx_word' id='word_1_32' title='bbox 132 1028 136 1039; x_wconf 63' lang='lat'><strong><em>⁴</em></strong></span> <span class='ocrx_word' id='word_1_33' title='bbox 210 1054 273 1087; x_wconf 84' lang='lat' dir='ltr'><strong>nune</strong></span> <span class='ocrx_word' id='word_1_34' title='bbox 290 1039 468 1101; x_wconf 78' lang='lat' dir='ltr'><strong>circumfertur,</strong></span> <span class='ocrx_word' id='word_1_35' title='bbox 484 1040 509 1087; x_wconf 92' lang='lat' dir='ltr'><strong>iu</strong></span> <span class='ocrx_word' id='word_1_36' title='bbox 524 1039 659 1087; x_wconf 70' lang='lat' dir='ltr'><strong>universum</strong></span> <span class='ocrx_word' id='word_1_37' title='bbox 674 1039 705 1086; x_wconf 82' lang='lat' dir='ltr'><strong>ri-</strong></span> <span class='ocrx_word' id='word_1_38' title='bbox 739 1038 879 1101; x_wconf 71' lang='lat' dir='ltr'><strong>Clteerr‘lrre,</strong></span> <span class='ocrx_word' id='word_1_39' title='bbox 900 1039 1006 1086; x_wconf 71' lang='lat' dir='ltr'><strong>incultis</strong></span> <span class='ocrx_word' id='word_1_40' title='bbox 1023 1041 1067 1102; x_wconf 81' lang='lat' dir='ltr'><strong>qui</strong></span> <span class='ocrx_word' id='word_1_41' title='bbox 1082 1039 1192 1088; x_wconf 61' lang='lat' dir='ltr'><strong>veredes</strong></span> <span class='ocrx_word' id='word_1_42' title='bbox 1208 1044 1234 1086; x_wconf 85' lang='lat' dir='ltr'><strong>et</strong></span> 
     </span>
     <span class='ocr_line' id='line_1_6' title="bbox 210 1122 1234 1189; baseline -0.002 -17"><span class='ocrx_word' id='word_1_43' title='bbox 210 1140 257 1189; x_wconf 79' lang='lat' dir='ltr'><strong>guo</strong></span> <span class='ocrx_word' id='word_1_44' title='bbox 270 1132 322 1172; x_wconf 86' lang='lat' dir='ltr'><strong>atro</strong></span> <span class='ocrx_word' id='word_1_45' title='bbox 335 1125 460 1173; x_wconf 75' lang='lat' dir='ltr'><strong>notaverit.</strong></span> <span class='ocrx_word' id='word_1_46' title='bbox 477 1122 557 1172; x_wconf 85' lang='lat' dir='ltr'><strong>Nihilo</strong></span> <span class='ocrx_word' id='word_1_47' title='bbox 570 1133 649 1172; x_wconf 87' lang='lat' dir='ltr'><strong>tamen</strong></span> <span class='ocrx_word' id='word_1_48' title='bbox 662 1124 706 1171; x_wconf 92' lang='lat' dir='ltr'><strong>mi-</strong></span> <span class='ocrx_word' id='word_1_49' title='bbox 737 1124 801 1171; x_wconf 83' lang='lat' dir='ltr'><strong>male</strong></span> <span class='ocrx_word' id='word_1_50' title='bbox 821 1124 892 1171; x_wconf 76' lang='lat' dir='ltr'><strong>retis</strong></span> <span class='ocrx_word' id='word_1_51' title='bbox 908 1124 1010 1172; x_wconf 75' lang='lat' dir='ltr'><strong>Retulit</strong></span> <span class='ocrx_word' id='word_1_52' title='bbox 1026 1130 1135 1188; x_wconf 83' lang='lat' dir='ltr'><strong>eeeeptee</strong></span> <span class='ocrx_word' id='word_1_53' title='bbox 1150 1124 1234 1188; x_wconf 80' lang='lat' dir='ltr'><strong>regdle</strong></span> 
     </span>
     <span class='ocr_line' id='line_1_7' title="bbox 211 1196 1287 1274; baseline 0 -18"><span class='ocrx_word' id='word_1_54' title='bbox 211 1224 256 1257; x_wconf 82' lang='lat' dir='ltr'><strong>nur</strong></span> <span class='ocrx_word' id='word_1_55' title='bbox 276 1209 324 1258; x_wconf 86' lang='lat' dir='ltr'><strong>iam</strong></span> <span class='ocrx_word' id='word_1_56' title='bbox 345 1208 387 1257; x_wconf 91' lang='lat' dir='ltr'><strong>diu</strong></span> <span class='ocrx_word' id='word_1_57' title='bbox 406 1217 455 1271; x_wconf 84' lang='lat' dir='ltr'><strong>eet,</strong></span> <span class='ocrx_word' id='word_1_58' title='bbox 480 1224 533 1257; x_wconf 90' lang='lat' dir='ltr'><strong>cum</strong></span> <span class='ocrx_word' id='word_1_59' title='bbox 555 1208 707 1274; x_wconf 73' lang='lat' dir='ltr'><strong>elegantioris</strong></span> <span class='ocrx_word' id='word_1_60' title='bbox 737 1209 858 1257; x_wconf 79' lang='lat' dir='ltr'><strong>remirme</strong></span> <span class='ocrx_word' id='word_1_61' title='bbox 873 1196 1011 1273; x_wconf 69' lang='lat' dir='ltr'><strong>Philippde.</strong></span> <span class='ocrx_word' id='word_1_62' title='bbox 1035 1208 1097 1258; x_wconf 82' lang='lat' dir='ltr'><strong>Haec</strong></span> <span class='ocrx_word' id='word_1_63' title='bbox 1118 1207 1162 1258; x_wconf 82' lang='lat' dir='ltr'><strong>ubi</strong></span> <span class='ocrx_word' id='word_1_64' title='bbox 1179 1217 1234 1256; x_wconf 83' lang='lat' dir='ltr'><strong>enta</strong></span> <span class='ocrx_word' id='word_1_65' title='bbox 1285 1201 1287 1205; x_wconf 67' lang='grc'><strong>’</strong></span> 
     </span>
     <span class='ocr_line' id='line_1_8' title="bbox 210 1292 1236 1360; baseline -0.003 -17"><span class='ocrx_word' id='word_1_66' title='bbox 210 1295 302 1360; x_wconf 82' lang='lat' dir='ltr'><strong>ingenii</strong></span> <span class='ocrx_word' id='word_1_67' title='bbox 325 1292 430 1342; x_wconf 73' lang='lat' dir='ltr'><strong>leminea</strong></span> <span class='ocrx_word' id='word_1_68' title='bbox 448 1294 574 1349; x_wconf 66' lang='lat' dir='ltr'><strong>‚flentium</strong></span> <span class='ocrx_word' id='word_1_69' title='bbox 598 1293 708 1358; x_wconf 81' lang='lat' dir='ltr'><strong>culpent;</strong></span> <span class='ocrx_word' id='word_1_70' title='bbox 742 1292 845 1343; x_wconf 83' lang='lat' dir='ltr'><strong>sedecim</strong></span> <span class='ocrx_word' id='word_1_71' title='bbox 855 1294 933 1342; x_wconf 72' lang='lat' dir='ltr'><strong>vferme</strong></span> <span class='ocrx_word' id='word_1_72' title='bbox 946 1310 1019 1343; x_wconf 77' lang='lat' dir='ltr'><strong>annor</strong></span> <span class='ocrx_word' id='word_1_73' title='bbox 1031 1296 1057 1344; x_wconf 91' lang='lat' dir='ltr'><strong>iu</strong></span> <span class='ocrx_word' id='word_1_74' title='bbox 1069 1294 1135 1344; x_wconf 80' lang='lat' dir='ltr'><strong>Netia</strong></span> <span class='ocrx_word' id='word_1_75' title='bbox 1147 1292 1236 1342; x_wconf 76' lang='lat' dir='ltr'><strong>adcul-</strong></span> 
     </span>
     <span class='ocr_line' id='line_1_9' title="bbox 211 1377 1234 1446; baseline -0.001 -18"><span class='ocrx_word' id='word_1_76' title='bbox 211 1395 260 1428; x_wconf 87' lang='lat' dir='ltr'><strong>neu</strong></span> <span class='ocrx_word' id='word_1_77' title='bbox 280 1378 343 1445; x_wconf 82' lang='lat' dir='ltr'><strong>qued</strong></span> <span class='ocrx_word' id='word_1_78' title='bbox 365 1386 475 1428; x_wconf 81' lang='lat' dir='ltr'><strong>terrtetee</strong></span> <span class='ocrx_word' id='word_1_79' title='bbox 495 1395 580 1428; x_wconf 78' lang='lat' dir='ltr'><strong>verere</strong></span> <span class='ocrx_word' id='word_1_80' title='bbox 601 1379 705 1442; x_wconf 82' lang='lat' dir='ltr'><strong>dixerit,</strong></span> <span class='ocrx_word' id='word_1_81' title='bbox 738 1379 881 1443; x_wconf 88' lang='lat' dir='ltr'><strong>limachum,</strong></span> <span class='ocrx_word' id='word_1_82' title='bbox 906 1389 931 1428; x_wconf 88' lang='lat' dir='ltr'><strong>et</strong></span> <span class='ocrx_word' id='word_1_83' title='bbox 949 1378 1033 1429; x_wconf 70' lang='lat' dir='ltr'><strong>iisdem</strong></span> <span class='ocrx_word' id='word_1_84' title='bbox 1056 1397 1117 1446; x_wconf 89' lang='lat' dir='ltr'><strong>pene</strong></span> <span class='ocrx_word' id='word_1_85' title='bbox 1137 1377 1234 1442; x_wconf 69' lang='lat' dir='ltr'><strong>verbis,</strong></span> 
     </span>
     <span class='ocr_line' id='line_1_10' title="bbox 212 1463 1235 1532; baseline -0.002 -18"><span class='ocrx_word' id='word_1_86' title='bbox 212 1464 254 1514; x_wconf 83' lang='lat' dir='ltr'><strong>aed</strong></span> <span class='ocrx_word' id='word_1_87' title='bbox 267 1464 330 1532; x_wconf 73' lang='lat' dir='ltr'><strong>qued</strong></span> <span class='ocrx_word' id='word_1_88' title='bbox 340 1466 427 1514; x_wconf 76' lang='lat' dir='ltr'><strong>incudi</strong></span> <span class='ocrx_word' id='word_1_89' title='bbox 438 1466 537 1529; x_wconf 78' lang='lat' dir='ltr'><strong>reddere</strong></span> <span class='ocrx_word' id='word_1_90' title='bbox 547 1481 630 1531; x_wconf 86' lang='lat' dir='ltr'><strong>parum</strong></span> <span class='ocrx_word' id='word_1_91' title='bbox 638 1475 707 1514; x_wconf 85' lang='lat' dir='ltr'><strong>cante</strong></span> <span class='ocrx_word' id='word_1_92' title='bbox 739 1463 885 1514; x_wconf 86' lang='lat' dir='ltr'><strong>dixeramur:</strong></span> <span class='ocrx_word' id='word_1_93' title='bbox 902 1467 949 1514; x_wconf 81' lang='lat' dir='ltr'><strong>uiri</strong></span> <span class='ocrx_word' id='word_1_94' title='bbox 961 1465 1024 1532; x_wconf 84' lang='lat' dir='ltr'><strong>qued</strong></span> <span class='ocrx_word' id='word_1_95' title='bbox 1036 1465 1106 1532; x_wconf 90' lang='lat' dir='ltr'><strong>plura</strong></span> <span class='ocrx_word' id='word_1_96' title='bbox 1118 1480 1181 1514; x_wconf 87' lang='lat' dir='ltr'><strong>nuuc</strong></span> <span class='ocrx_word' id='word_1_97' title='bbox 1193 1465 1235 1513; x_wconf 76' lang='lat' dir='ltr'><strong>le·</strong></span> 
     </span>
     <span class='ocr_line' id='line_1_11' title="bbox 211 1548 1237 1618; baseline 0 -19"><span class='ocrx_word' id='word_1_98' title='bbox 211 1550 343 1614; x_wconf 84' lang='lat' dir='ltr'><strong>addiderit,</strong></span> <span class='ocrx_word' id='word_1_99' title='bbox 358 1568 442 1618; x_wconf 77' lang='lat' dir='ltr'><strong>reique</strong></span> <span class='ocrx_word' id='word_1_100' title='bbox 455 1551 525 1617; x_wconf 74' lang='lat' dir='ltr'><strong>plene</strong></span> <span class='ocrx_word' id='word_1_101' title='bbox 539 1549 641 1600; x_wconf 75' lang='lat' dir='ltr'><strong>divertar</strong></span> <span class='ocrx_word' id='word_1_102' title='bbox 649 1554 708 1600; x_wconf 84' lang='lat' dir='ltr'><strong>Ter·</strong></span> <span class='ocrx_word' id='word_1_103' title='bbox 739 1561 817 1599; x_wconf 88' lang='lat' dir='ltr'><strong>terum</strong></span> <span class='ocrx_word' id='word_1_104' title='bbox 830 1551 882 1600; x_wconf 86' lang='lat' dir='ltr'><strong>loca</strong></span> <span class='ocrx_word' id='word_1_105' title='bbox 894 1549 1056 1617; x_wconf 81' lang='lat' dir='ltr'><strong>producimua;</strong></span> <span class='ocrx_word' id='word_1_106' title='bbox 1071 1568 1125 1600; x_wconf 87' lang='lat' dir='ltr'><strong>cum</strong></span> <span class='ocrx_word' id='word_1_107' title='bbox 1137 1549 1173 1600; x_wconf 85' lang='lat' dir='ltr'><strong>ibi</strong></span> <span class='ocrx_word' id='word_1_108' title='bbox 1186 1548 1237 1599; x_wconf 84' lang='lat' dir='ltr'><strong>obi·</strong></span> 
     </span>
     <span class='ocr_line' id='line_1_12' title="bbox 212 1635 1237 1700; baseline 0.001 -16"><span class='ocrx_word' id='word_1_109' title='bbox 212 1652 271 1684; x_wconf 72' lang='lat' dir='ltr'><strong>num</strong></span> <span class='ocrx_word' id='word_1_110' title='bbox 292 1645 317 1685; x_wconf 90' lang='lat' dir='ltr'><strong>et</strong></span> <span class='ocrx_word' id='word_1_111' title='bbox 337 1637 450 1687; x_wconf 80' lang='lat' dir='ltr'><strong>Ineudem</strong></span> <span class='ocrx_word' id='word_1_112' title='bbox 470 1653 518 1686; x_wconf 77' lang='lat' dir='ltr'><strong>unu</strong></span> <span class='ocrx_word' id='word_1_113' title='bbox 542 1638 706 1686; x_wconf 83' lang='lat' dir='ltr'><strong>coniunxerit:</strong></span> <span class='ocrx_word' id='word_1_114' title='bbox 740 1645 779 1685; x_wconf 88' lang='lat' dir='ltr'><strong>ter</strong></span> <span class='ocrx_word' id='word_1_115' title='bbox 801 1646 908 1700; x_wconf 74' lang='lat' dir='ltr'><strong>tuntum,</strong></span> <span class='ocrx_word' id='word_1_116' title='bbox 933 1636 973 1686; x_wconf 89' lang='lat' dir='ltr'><strong>hic</strong></span> <span class='ocrx_word' id='word_1_117' title='bbox 993 1653 1043 1685; x_wconf 91' lang='lat' dir='ltr'><strong>rem</strong></span> <span class='ocrx_word' id='word_1_118' title='bbox 1067 1654 1096 1685; x_wconf 85' lang='lat' dir='ltr'><strong>ex</strong></span> <span class='ocrx_word' id='word_1_119' title='bbox 1120 1635 1237 1685; x_wconf 84' lang='lat' dir='ltr'><strong>indurtria</strong></span> 
     </span>
     <span class='ocr_line' id='line_1_13' title="bbox 214 1720 1237 1787; baseline -0.001 -17"><span class='ocrx_word' id='word_1_120' title='bbox 214 1723 254 1770; x_wconf 77' lang='lat' dir='ltr'><strong>Et</strong></span> <span class='ocrx_word' id='word_1_121' title='bbox 278 1724 343 1771; x_wconf 81' lang='lat' dir='ltr'><strong>mele</strong></span> <span class='ocrx_word' id='word_1_122' title='bbox 368 1730 479 1771; x_wconf 74' lang='lat' dir='ltr'><strong>torretes</strong></span> <span class='ocrx_word' id='word_1_123' title='bbox 501 1723 588 1771; x_wconf 81' lang='lat' dir='ltr'><strong>ineudr&#39;</strong></span> <span class='ocrx_word' id='word_1_124' title='bbox 610 1723 709 1770; x_wconf 77' lang='lat' dir='ltr'><strong>reddere</strong></span> <span class='ocrx_word' id='word_1_125' title='bbox 740 1723 844 1787; x_wconf 78' lang='lat' dir='ltr'><strong>agimua3</strong></span> <span class='ocrx_word' id='word_1_126' title='bbox 862 1720 973 1785; x_wconf 75' lang='lat' dir='ltr'><strong>divertis,</strong></span> <span class='ocrx_word' id='word_1_127' title='bbox 990 1732 1018 1771; x_wconf 90' lang='lat' dir='ltr'><strong>ut</strong></span> <span class='ocrx_word' id='word_1_128' title='bbox 1038 1723 1093 1771; x_wconf 85' lang='lat' dir='ltr'><strong>fieri</strong></span> <span class='ocrx_word' id='word_1_129' title='bbox 1104 1721 1177 1784; x_wconf 78' lang='lat' dir='ltr'><strong>tolet,</strong></span> <span class='ocrx_word' id='word_1_130' title='bbox 1193 1720 1237 1769; x_wconf 86' lang='lat' dir='ltr'><strong>he-</strong></span> 
     </span>
     <span class='ocr_line' id='line_1_14' title="bbox 216 1805 1236 1872; baseline -0.002 -16"><span class='ocrx_word' id='word_1_131' title='bbox 216 1822 311 1857; x_wconf 79' lang='lat' dir='ltr'><strong>vereue.</strong></span> <span class='ocrx_word' id='word_1_132' title='bbox 335 1807 408 1856; x_wconf 84' lang='lat' dir='ltr'><strong>Recte</strong></span> <span class='ocrx_word' id='word_1_133' title='bbox 428 1807 467 1856; x_wconf 90' lang='lat' dir='ltr'><strong>illi</strong></span> <span class='ocrx_word' id='word_1_134' title='bbox 487 1805 582 1872; x_wconf 84' lang='lat' dir='ltr'><strong>quidem</strong></span> <span class='ocrx_word' id='word_1_135' title='bbox 600 1818 625 1856; x_wconf 88' lang='lat' dir='ltr'><strong>et</strong></span> <span class='ocrx_word' id='word_1_136' title='bbox 640 1824 708 1856; x_wconf 83' lang='lat' dir='ltr'><strong>vere:</strong></span> <span class='ocrx_word' id='word_1_137' title='bbox 741 1808 831 1855; x_wconf 89' lang='lat' dir='ltr'><strong>minum</strong></span> <span class='ocrx_word' id='word_1_138' title='bbox 852 1806 947 1855; x_wconf 72' lang='lat' dir='ltr'><strong>iudiciis</strong></span> <span class='ocrx_word' id='word_1_139' title='bbox 972 1806 1179 1856; x_wconf 74' lang='lat' dir='ltr'><strong>coniecturaliter</strong></span> <span class='ocrx_word' id='word_1_140' title='bbox 1196 1822 1236 1854; x_wconf 85' lang='lat' dir='ltr'><strong>ex-</strong></span> 
     </span>
     <span class='ocr_line' id='line_1_15' title="bbox 212 1891 1236 1959; baseline -0.001 -19"><span class='ocrx_word' id='word_1_141' title='bbox 212 1891 272 1959; x_wconf 76' lang='lat' dir='ltr'><strong>quid</strong></span> <span class='ocrx_word' id='word_1_142' title='bbox 295 1894 358 1941; x_wconf 87' lang='lat' dir='ltr'><strong>euim</strong></span> <span class='ocrx_word' id='word_1_143' title='bbox 381 1901 451 1941; x_wconf 82' lang='lat' dir='ltr'><strong>teme</strong></span> <span class='ocrx_word' id='word_1_144' title='bbox 474 1909 527 1942; x_wconf 88' lang='lat' dir='ltr'><strong>cum</strong></span> <span class='ocrx_word' id='word_1_145' title='bbox 550 1891 662 1942; x_wconf 68' lang='lat' dir='ltr'><strong>immede?</strong></span> <span class='ocrx_word' id='word_1_146' title='bbox 681 1893 708 1941; x_wconf 85' lang='lat' dir='ltr'><strong>si</strong></span> <span class='ocrx_word' id='word_1_147' title='bbox 739 1902 809 1957; x_wconf 87' lang='lat' dir='ltr'><strong>cepta</strong></span> <span class='ocrx_word' id='word_1_148' title='bbox 833 1902 877 1942; x_wconf 87' lang='lat' dir='ltr'><strong>eat.</strong></span> <span class='ocrx_word' id='word_1_149' title='bbox 902 1892 983 1941; x_wconf 79' lang='lat' dir='ltr'><strong>Plures</strong></span> <span class='ocrx_word' id='word_1_150' title='bbox 1005 1902 1030 1940; x_wconf 85' lang='lat' dir='ltr'><strong>et</strong></span> <span class='ocrx_word' id='word_1_151' title='bbox 1051 1893 1077 1941; x_wconf 89' lang='lat' dir='ltr'><strong>iu</strong></span> <span class='ocrx_word' id='word_1_152' title='bbox 1097 1891 1136 1940; x_wconf 77' lang='lat' dir='ltr'><strong>hir</strong></span> <span class='ocrx_word' id='word_1_153' title='bbox 1157 1907 1236 1940; x_wconf 84' lang='lat' dir='ltr'><strong>omuea</strong></span> 
     </span>
     <span class='ocr_line' id='line_1_16' title="bbox 212 1969 1235 2045; baseline -0.001 -19"><span class='ocrx_word' id='word_1_154' title='bbox 212 1977 309 2044; x_wconf 83' lang='lat' dir='ltr'><strong>quidem</strong></span> <span class='ocrx_word' id='word_1_155' title='bbox 329 1976 374 2026; x_wconf 84' lang='lat' dir='ltr'><strong>hee</strong></span> <span class='ocrx_word' id='word_1_156' title='bbox 390 1987 439 2041; x_wconf 83' lang='lat' dir='ltr'><strong>eat,</strong></span> <span class='ocrx_word' id='word_1_157' title='bbox 461 1977 524 2045; x_wconf 81' lang='lat' dir='ltr'><strong>qued</strong></span> <span class='ocrx_word' id='word_1_158' title='bbox 539 1980 589 2044; x_wconf 84' lang='lat' dir='ltr'><strong>ipae</strong></span> <span class='ocrx_word' id='word_1_159' title='bbox 604 1980 652 2027; x_wconf 75' lang='lat' dir='ltr'><strong>iam</strong></span> <span class='ocrx_word' id='word_1_160' title='bbox 668 1977 703 2027; x_wconf 90' lang='lat' dir='ltr'><strong>di·</strong></span> <span class='ocrx_word' id='word_1_161' title='bbox 735 1969 903 2044; x_wconf 70' lang='grc' dir='ltr'><strong><em>χάριέστεροι</em></strong></span> <span class='ocrx_word' id='word_1_162' title='bbox 919 1986 944 2025; x_wconf 89' lang='lat' dir='ltr'><strong>et</strong></span> <span class='ocrx_word' id='word_1_163' title='bbox 960 1977 1106 2026; x_wconf 86' lang='lat' dir='ltr'><strong>houeatiorea</strong></span> <span class='ocrx_word' id='word_1_164' title='bbox 1121 1977 1235 2025; x_wconf 70' lang='lat' dir='ltr'><strong>ementire</strong></span> 
     </span>
    </p>

    <p class='ocr_par' dir='ltr' id='par_1_4' title="bbox 137 2044 1266 4180">
     <span class='ocr_line' id='line_1_17' title="bbox 212 2044 1266 2130; baseline -0.003 -17"><span class='ocrx_word' id='word_1_165' title='bbox 212 2072 295 2126; x_wconf 76' lang='lat' dir='ltr'><strong>xerat,</strong></span> <span class='ocrx_word' id='word_1_166' title='bbox 320 2064 470 2127; x_wconf 74' lang='lat' dir='ltr'><strong>Delphinum</strong></span> <span class='ocrx_word' id='word_1_167' title='bbox 486 2066 561 2113; x_wconf 81' lang='lat' dir='ltr'><strong>eilvr&#39;e</strong></span> <span class='ocrx_word' id='word_1_168' title='bbox 575 2066 709 2130; x_wconf 79' lang='lat' dir='ltr'><strong>appingere</strong></span> <span class='ocrx_word' id='word_1_169' title='bbox 741 2074 766 2112; x_wconf 90' lang='lat' dir='ltr'><strong>et</strong></span> <span class='ocrx_word' id='word_1_170' title='bbox 787 2063 913 2129; x_wconf 84' lang='lat' dir='ltr'><strong>plaudere;</strong></span> <span class='ocrx_word' id='word_1_171' title='bbox 939 2063 1051 2113; x_wconf 75' lang='lat' dir='ltr'><strong>Graevius</strong></span> <span class='ocrx_word' id='word_1_172' title='bbox 1074 2064 1199 2128; x_wconf 80' lang='lat' dir='ltr'><strong>praecipue</strong></span> <span class='ocrx_word' id='word_1_173' title='bbox 1221 2059 1235 2110; x_wconf 80' lang='grc' dir='ltr'><strong>ὅ</strong></span> <span class='ocrx_word' id='word_1_174' title='bbox 1258 2044 1266 2059; x_wconf 63' lang='lat'><em>⁰</em></span> 
     </span>
     <span class='ocr_line' id='line_1_18' title="bbox 207 2147 1238 2216; baseline -0.002 -18"><span class='ocrx_word' id='word_1_175' title='bbox 207 2150 331 2213; x_wconf 69' lang='lat' dir='ltr'><strong>fluetibus</strong></span> <span class='ocrx_word' id='word_1_176' title='bbox 350 2165 444 2214; x_wconf 77' lang='lat' dir='ltr'><strong>aprrrrn.</strong></span> <span class='ocrx_word' id='word_1_177' title='bbox 469 2151 516 2215; x_wconf 82' lang='lat' dir='ltr'><strong>Ego</strong></span> <span class='ocrx_word' id='word_1_178' title='bbox 536 2166 592 2199; x_wconf 83' lang='lat' dir='ltr'><strong>vere</strong></span> <span class='ocrx_word' id='word_1_179' title='bbox 613 2150 709 2199; x_wconf 74' lang='lat' dir='ltr'><strong>venusi-</strong></span> <span class='ocrx_word' id='word_1_180' title='bbox 741 2150 905 2216; x_wconf 76' lang='grc' dir='ltr'><strong><em>μακαρίτης,</em></strong></span> <span class='ocrx_word' id='word_1_181' title='bbox 931 2158 955 2197; x_wconf 90' lang='lat' dir='ltr'><strong>et</strong></span> <span class='ocrx_word' id='word_1_182' title='bbox 975 2159 1060 2198; x_wconf 75' lang='lat' dir='ltr'><strong>natura</strong></span> <span class='ocrx_word' id='word_1_183' title='bbox 1082 2157 1106 2197; x_wconf 87' lang='lat' dir='ltr'><strong>et</strong></span> <span class='ocrx_word' id='word_1_184' title='bbox 1125 2147 1238 2197; x_wconf 87' lang='lat' dir='ltr'><strong>diuturne</strong></span> 
     </span>
     <span class='ocr_line' id='line_1_19' title="bbox 201 2225 1238 2301; baseline -0.002 -18"><span class='ocrx_word' id='word_1_185' title='bbox 201 2225 270 2283; x_wconf 50' lang='lat' dir='ltr'><strong>&#39;uum</strong></span> <span class='ocrx_word' id='word_1_186' title='bbox 286 2243 406 2298; x_wconf 81' lang='lat' dir='ltr'><strong>nostrum,</strong></span> <span class='ocrx_word' id='word_1_187' title='bbox 422 2232 521 2298; x_wconf 77' lang='lat' dir='ltr'><strong>subtili,</strong></span> <span class='ocrx_word' id='word_1_188' title='bbox 537 2236 559 2283; x_wconf 77' lang='lat' dir='ltr'><strong>si</strong></span> <span class='ocrx_word' id='word_1_189' title='bbox 570 2236 624 2301; x_wconf 77' lang='lat' dir='ltr'><strong>quia</strong></span> <span class='ocrx_word' id='word_1_190' title='bbox 634 2233 710 2297; x_wconf 79' lang='lat' dir='ltr'><strong>aliur,</strong></span> <span class='ocrx_word' id='word_1_191' title='bbox 742 2250 788 2297; x_wconf 75' lang='lat' dir='ltr'><strong>usu</strong></span> <span class='ocrx_word' id='word_1_192' title='bbox 808 2233 881 2282; x_wconf 81' lang='lat' dir='ltr'><strong>iudex</strong></span> <span class='ocrx_word' id='word_1_193' title='bbox 897 2235 1036 2283; x_wconf 75' lang='lat' dir='ltr'><strong>accerrimae</strong></span> <span class='ocrx_word' id='word_1_194' title='bbox 1045 2270 1053 2297; x_wconf 99' lang='lat'><strong>,</strong></span> <span class='ocrx_word' id='word_1_195' title='bbox 1075 2244 1104 2283; x_wconf 83' lang='lat' dir='ltr'><strong>ut</strong></span> <span class='ocrx_word' id='word_1_196' title='bbox 1119 2233 1238 2300; x_wconf 70' lang='lat' dir='ltr'><strong>quantivis</strong></span> 
     </span>
     <span class='ocr_line' id='line_1_20' title="bbox 213 2317 1236 2384; baseline 0 -17"><span class='ocrx_word' id='word_1_197' title='bbox 213 2329 239 2368; x_wconf 86' lang='lat' dir='ltr'><strong>et</strong></span> <span class='ocrx_word' id='word_1_198' title='bbox 260 2320 374 2384; x_wconf 75' lang='lat' dir='ltr'><strong>castigate</strong></span> <span class='ocrx_word' id='word_1_199' title='bbox 398 2318 487 2368; x_wconf 80' lang='lat' dir='ltr'><strong>iuditio</strong></span> <span class='ocrx_word' id='word_1_200' title='bbox 507 2327 614 2384; x_wconf 87' lang='lat' dir='ltr'><strong>poetam,</strong></span> <span class='ocrx_word' id='word_1_201' title='bbox 640 2328 707 2368; x_wconf 77' lang='lat' dir='ltr'><strong>extra</strong></span> <span class='ocrx_word' id='word_1_202' title='bbox 741 2335 792 2367; x_wconf 90' lang='lat' dir='ltr'><strong>eam</strong></span> <span class='ocrx_word' id='word_1_203' title='bbox 809 2320 882 2383; x_wconf 89' lang='lat' dir='ltr'><strong>pretii</strong></span> <span class='ocrx_word' id='word_1_204' title='bbox 897 2318 1017 2367; x_wconf 76' lang='lat' dir='ltr'><strong>aedilibua</strong></span> <span class='ocrx_word' id='word_1_205' title='bbox 1031 2317 1142 2368; x_wconf 85' lang='lat' dir='ltr'><strong>laudare:</strong></span> <span class='ocrx_word' id='word_1_206' title='bbox 1159 2318 1236 2367; x_wconf 86' lang='lat' dir='ltr'><strong>literia</strong></span> 
     </span>
     <span class='ocr_line' id='line_1_21' title="bbox 214 2402 1237 2470; baseline -0.004 -17"><span class='ocrx_word' id='word_1_207' title='bbox 214 2403 309 2470; x_wconf 77' lang='lat' dir='ltr'><strong>culpem</strong></span> <span class='ocrx_word' id='word_1_208' title='bbox 330 2420 379 2452; x_wconf 81' lang='lat' dir='ltr'><strong>erae</strong></span> <span class='ocrx_word' id='word_1_209' title='bbox 403 2402 468 2452; x_wconf 87' lang='lat' dir='ltr'><strong>dice:</strong></span> <span class='ocrx_word' id='word_1_210' title='bbox 494 2402 586 2453; x_wconf 86' lang='lat' dir='ltr'><strong>cedices</strong></span> <span class='ocrx_word' id='word_1_211' title='bbox 604 2413 714 2453; x_wconf 85' lang='lat' dir='ltr'><strong>autema</strong></span> <span class='ocrx_word' id='word_1_212' title='bbox 745 2403 777 2452; x_wconf 91' lang='lat' dir='ltr'><strong>ad</strong></span> <span class='ocrx_word' id='word_1_213' title='bbox 796 2420 834 2451; x_wconf 89' lang='lat' dir='ltr'><strong>me</strong></span> <span class='ocrx_word' id='word_1_214' title='bbox 854 2402 915 2451; x_wconf 87' lang='lat' dir='ltr'><strong>datia</strong></span> <span class='ocrx_word' id='word_1_215' title='bbox 933 2403 962 2450; x_wconf 81' lang='lat' dir='ltr'><strong>tt</strong></span> <span class='ocrx_word' id='word_1_216' title='bbox 977 2403 1035 2452; x_wconf 85' lang='lat' dir='ltr'><strong>Non.</strong></span> <span class='ocrx_word' id='word_1_217' title='bbox 1057 2403 1113 2452; x_wconf 74' lang='lat' dir='ltr'><strong>Dee</strong></span> <span class='ocrx_word' id='word_1_218' title='bbox 1128 2402 1237 2466; x_wconf 78' lang='lat' dir='ltr'><strong>trecen,</strong></span> 
     </span>
     <span class='ocr_line' id='line_1_22' title="bbox 214 2488 1238 2556; baseline -0.001 -16"><span class='ocrx_word' id='word_1_219' title='bbox 214 2488 396 2541; x_wconf 72' lang='lat' dir='ltr'><strong>dormitantibus</strong></span> <span class='ocrx_word' id='word_1_220' title='bbox 410 2488 523 2539; x_wconf 85' lang='lat' dir='ltr'><strong>Librariir</strong></span> <span class='ocrx_word' id='word_1_221' title='bbox 537 2506 585 2539; x_wconf 83' lang='lat' dir='ltr'><strong>erre</strong></span> <span class='ocrx_word' id='word_1_222' title='bbox 599 2488 710 2556; x_wconf 78' lang='lat' dir='ltr'><strong>depreva-</strong></span> <span class='ocrx_word' id='word_1_223' title='bbox 741 2506 790 2539; x_wconf 77' lang='lat' dir='ltr'><strong>nen</strong></span> <span class='ocrx_word' id='word_1_224' title='bbox 806 2490 970 2539; x_wconf 75' lang='lat' dir='ltr'><strong>coniecturam</strong></span> <span class='ocrx_word' id='word_1_225' title='bbox 983 2488 1075 2553; x_wconf 88' lang='lat' dir='ltr'><strong>dicere,</strong></span> <span class='ocrx_word' id='word_1_226' title='bbox 1092 2490 1135 2539; x_wconf 83' lang='lat' dir='ltr'><strong>red</strong></span> <span class='ocrx_word' id='word_1_227' title='bbox 1146 2496 1238 2539; x_wconf 69' lang='lat' dir='ltr'><strong>certem</strong></span> 
     </span>
     <span class='ocr_line' id='line_1_23' title="bbox 213 2576 1238 2642; baseline -0.001 -16"><span class='ocrx_word' id='word_1_228' title='bbox 213 2587 258 2626; x_wconf 84' lang='lat' dir='ltr'><strong>ter.</strong></span> <span class='ocrx_word' id='word_1_229' title='bbox 269 2576 393 2626; x_wconf 70' lang='lat' dir='ltr'><strong>Videamus</strong></span> <span class='ocrx_word' id='word_1_230' title='bbox 402 2577 479 2625; x_wconf 89' lang='lat' dir='ltr'><strong>lecum</strong></span> <span class='ocrx_word' id='word_1_231' title='bbox 490 2578 622 2642; x_wconf 81' lang='lat' dir='ltr'><strong>integrum:</strong></span> <span class='ocrx_word' id='word_1_232' title='bbox 632 2577 710 2634; x_wconf 73' lang='lat' dir='ltr'><strong>Quin-</strong></span> <span class='ocrx_word' id='word_1_233' title='bbox 742 2576 949 2638; x_wconf 70' lang='lat' dir='ltr'><strong>emendetr&#39;rnem,</strong></span> <span class='ocrx_word' id='word_1_234' title='bbox 967 2592 1038 2640; x_wconf 75' lang='lat' dir='ltr'><strong>quern</strong></span> <span class='ocrx_word' id='word_1_235' title='bbox 1053 2579 1098 2640; x_wconf 81' lang='lat' dir='ltr'><strong>qni</strong></span> <span class='ocrx_word' id='word_1_236' title='bbox 1112 2577 1197 2625; x_wconf 77' lang='lat' dir='ltr'><strong>videet</strong></span> <span class='ocrx_word' id='word_1_237' title='bbox 1212 2584 1238 2625; x_wconf 87' lang='lat' dir='ltr'><strong>et</strong></span> 
     </span>
     <span class='ocr_line' id='line_1_24' title="bbox 213 2663 1238 2728; baseline -0.001 -16"><span class='ocrx_word' id='word_1_238' title='bbox 213 2665 273 2712; x_wconf 81' lang='lat' dir='ltr'><strong>tilio</strong></span> <span class='ocrx_word' id='word_1_239' title='bbox 288 2663 315 2711; x_wconf 79' lang='lat' dir='ltr'><strong>ei</strong></span> <span class='ocrx_word' id='word_1_240' title='bbox 330 2664 391 2727; x_wconf 81' lang='lat' dir='ltr'><strong>quid</strong></span> <span class='ocrx_word' id='word_1_241' title='bbox 404 2665 538 2726; x_wconf 73' lang='lat' dir='ltr'><strong>recitares,</strong></span> <span class='ocrx_word' id='word_1_242' title='bbox 556 2663 659 2728; x_wconf 72' lang='lat' dir='ltr'><strong>corrige</strong></span> <span class='ocrx_word' id='word_1_243' title='bbox 672 2678 709 2711; x_wconf 85' lang='lat' dir='ltr'><strong>ee-</strong></span> <span class='ocrx_word' id='word_1_244' title='bbox 739 2678 789 2711; x_wconf 79' lang='lat' dir='ltr'><strong>nere</strong></span> <span class='ocrx_word' id='word_1_245' title='bbox 803 2663 904 2726; x_wconf 78' lang='lat' dir='ltr'><strong>prebet,</strong></span> <span class='ocrx_word' id='word_1_246' title='bbox 928 2677 982 2711; x_wconf 76' lang='lat' dir='ltr'><strong>eren</strong></span> <span class='ocrx_word' id='word_1_247' title='bbox 1002 2663 1032 2711; x_wconf 65' lang='grc' dir='ltr'><strong>ἐπ</strong></span> <span class='ocrx_word' id='word_1_248' title='bbox 1046 2664 1088 2711; x_wconf 76' lang='lat' dir='ltr'><strong>dis</strong></span> <span class='ocrx_word' id='word_1_249' title='bbox 1102 2664 1173 2711; x_wconf 80' lang='lat' dir='ltr'><strong>redire</strong></span> <span class='ocrx_word' id='word_1_250' title='bbox 1188 2678 1238 2711; x_wconf 74' lang='grc' dir='ltr'><strong>σω-</strong></span> 
     </span>
     <span class='ocr_line' id='line_1_25' title="bbox 213 2748 1239 2812; baseline 0 -15"><span class='ocrx_word' id='word_1_251' title='bbox 213 2750 256 2797; x_wconf 80' lang='lat' dir='ltr'><strong>dee</strong></span> <span class='ocrx_word' id='word_1_252' title='bbox 271 2750 337 2812; x_wconf 81' lang='lat' dir='ltr'><strong>Iler,</strong></span> <span class='ocrx_word' id='word_1_253' title='bbox 353 2750 450 2811; x_wconf 70' lang='lat' dir='ltr'><strong>eredat,</strong></span> <span class='ocrx_word' id='word_1_254' title='bbox 464 2755 491 2796; x_wconf 87' lang='lat' dir='ltr'><strong>et</strong></span> <span class='ocrx_word' id='word_1_255' title='bbox 506 2750 563 2810; x_wconf 77' lang='lat' dir='ltr'><strong>lec,-</strong></span> <span class='ocrx_word' id='word_1_256' title='bbox 577 2750 667 2796; x_wconf 78' lang='lat' dir='ltr'><strong>rrelirre</strong></span> <span class='ocrx_word' id='word_1_257' title='bbox 684 2754 709 2795; x_wconf 86' lang='lat' dir='ltr'><strong>te</strong></span> <span class='ocrx_word' id='word_1_258' title='bbox 739 2748 830 2795; x_wconf 85' lang='lat' dir='ltr'><strong>er&#39;erem</strong></span> <span class='ocrx_word' id='word_1_259' title='bbox 843 2762 895 2795; x_wconf 83' lang='lat' dir='ltr'><strong>erae</strong></span> <span class='ocrx_word' id='word_1_260' title='bbox 907 2749 995 2810; x_wconf 77' lang='lat' dir='ltr'><strong>qrrevte</strong></span> <span class='ocrx_word' id='word_1_261' title='bbox 1008 2749 1084 2812; x_wconf 59' lang='lat' dir='ltr'><strong>tetre.</strong></span> <span class='ocrx_word' id='word_1_262' title='bbox 1104 2748 1177 2797; x_wconf 85' lang='lat' dir='ltr'><strong>Recte</strong></span> <span class='ocrx_word' id='word_1_263' title='bbox 1190 2750 1239 2797; x_wconf 79' lang='lat' dir='ltr'><strong>iem</strong></span> 
     </span>
     <span class='ocr_line' id='line_1_26' title="bbox 209 2833 1238 2899; baseline -0.002 -16"><span class='ocrx_word' id='word_1_264' title='bbox 209 2849 283 2899; x_wconf 80' lang='lat' dir='ltr'><strong>perae</strong></span> <span class='ocrx_word' id='word_1_265' title='bbox 294 2849 411 2899; x_wconf 71' lang='lat' dir='ltr'><strong>neqerre,</strong></span> <span class='ocrx_word' id='word_1_266' title='bbox 424 2834 474 2882; x_wconf 68' lang='lat' dir='ltr'><strong>ets</strong></span> <span class='ocrx_word' id='word_1_267' title='bbox 486 2840 569 2896; x_wconf 73' lang='lat' dir='ltr'><strong>terque</strong></span> <span class='ocrx_word' id='word_1_268' title='bbox 582 2839 709 2898; x_wconf 75' lang='lat' dir='ltr'><strong>repertum</strong></span> <span class='ocrx_word' id='word_1_269' title='bbox 740 2842 826 2880; x_wconf 81' lang='lat' dir='ltr'><strong>nutura</strong></span> <span class='ocrx_word' id='word_1_270' title='bbox 843 2840 1001 2896; x_wconf 75' lang='lat' dir='ltr'><strong>comparatum</strong></span> <span class='ocrx_word' id='word_1_271' title='bbox 1015 2842 1064 2894; x_wconf 87' lang='lat' dir='ltr'><strong>eat,</strong></span> <span class='ocrx_word' id='word_1_272' title='bbox 1080 2843 1109 2881; x_wconf 83' lang='lat' dir='ltr'><strong>at</strong></span> <span class='ocrx_word' id='word_1_273' title='bbox 1124 2833 1151 2880; x_wconf 89' lang='lat' dir='ltr'><strong>in</strong></span> <span class='ocrx_word' id='word_1_274' title='bbox 1166 2849 1192 2881; x_wconf 87' lang='lat' dir='ltr'><strong>re</strong></span> <span class='ocrx_word' id='word_1_275' title='bbox 1207 2833 1238 2881; x_wconf 88' lang='lat' dir='ltr'><strong>li·</strong></span> 
     </span>
     <span class='ocr_line' id='line_1_27' title="bbox 205 2915 1239 2981; baseline -0.002 -14"><span class='ocrx_word' id='word_1_276' title='bbox 205 2916 333 2979; x_wconf 77' lang='lat' dir='ltr'><strong>smtre?</strong></span> <span class='ocrx_word' id='word_1_277' title='bbox 356 2919 435 2967; x_wconf 87' lang='lat' dir='ltr'><strong>delere</strong></span> <span class='ocrx_word' id='word_1_278' title='bbox 455 2919 567 2980; x_wconf 76' lang='lat' dir='ltr'><strong>debedat,</strong></span> <span class='ocrx_word' id='word_1_279' title='bbox 592 2919 631 2965; x_wconf 81' lang='lat' dir='ltr'><strong>Et</strong></span> <span class='ocrx_word' id='word_1_280' title='bbox 645 2918 708 2964; x_wconf 82' lang='lat' dir='ltr'><strong>mele</strong></span> <span class='ocrx_word' id='word_1_281' title='bbox 740 2915 999 2981; x_wconf 80' lang='lat' dir='ltr'><strong>tereriaeempervilir</strong></span> <span class='ocrx_word' id='word_1_282' title='bbox 1010 2917 1239 2966; x_wconf 76' lang='lat' dir='ltr'><strong>anueuaaitirtiur·</strong></span> 
     </span>
     <span class='ocr_line' id='line_1_28' title="bbox 215 2999 1238 3068; baseline 0 -17"><span class='ocrx_word' id='word_1_283' title='bbox 215 3011 326 3052; x_wconf 72' lang='lat' dir='ltr'><strong>tentate-r</strong></span> <span class='ocrx_word' id='word_1_284' title='bbox 335 3004 421 3051; x_wconf 73' lang='lat' dir='ltr'><strong>incudi</strong></span> <span class='ocrx_word' id='word_1_285' title='bbox 428 3003 527 3051; x_wconf 82' lang='lat' dir='ltr'><strong>reddere</strong></span> <span class='ocrx_word' id='word_1_286' title='bbox 535 3003 710 3050; x_wconf 66' lang='lat' dir='ltr'><strong>eermEnim</strong></span> <span class='ocrx_word' id='word_1_287' title='bbox 742 2999 807 3049; x_wconf 82' lang='lat' dir='ltr'><strong>medi</strong></span> <span class='ocrx_word' id='word_1_288' title='bbox 819 3000 947 3066; x_wconf 68' lang='lat' dir='ltr'><strong>talparum</strong></span> <span class='ocrx_word' id='word_1_289' title='bbox 960 3003 1003 3067; x_wconf 79' lang='lat' dir='ltr'><strong>qui</strong></span> <span class='ocrx_word' id='word_1_290' title='bbox 1014 3000 1089 3051; x_wconf 77' lang='lat' dir='ltr'><strong>doctis</strong></span> <span class='ocrx_word' id='word_1_291' title='bbox 1101 3011 1172 3068; x_wconf 81' lang='lat' dir='ltr'><strong>atque</strong></span> <span class='ocrx_word' id='word_1_292' title='bbox 1183 3018 1238 3051; x_wconf 85' lang='lat' dir='ltr'><strong>oeu-</strong></span> 
     </span>
     <span class='ocr_line' id='line_1_29' title="bbox 213 3084 1238 3153; baseline -0.003 -15"><span class='ocrx_word' id='word_1_293' title='bbox 213 3106 270 3138; x_wconf 82' lang='lat' dir='ltr'><strong>vere</strong></span> <span class='ocrx_word' id='word_1_294' title='bbox 285 3087 448 3153; x_wconf 69' lang='lat' dir='ltr'><strong>corrigendum</strong></span> <span class='ocrx_word' id='word_1_295' title='bbox 467 3089 518 3151; x_wconf 78' lang='lat' dir='ltr'><strong>aio,</strong></span> <span class='ocrx_word' id='word_1_296' title='bbox 540 3088 579 3135; x_wconf 80' lang='lat' dir='ltr'><strong>Et</strong></span> <span class='ocrx_word' id='word_1_297' title='bbox 593 3089 656 3135; x_wconf 78' lang='lat' dir='ltr'><strong>niele</strong></span> <span class='ocrx_word' id='word_1_298' title='bbox 672 3095 713 3135; x_wconf 83' lang='lat' dir='ltr'><strong>ter</strong></span> <span class='ocrx_word' id='word_1_299' title='bbox 744 3086 869 3136; x_wconf 69' lang='lat' dir='ltr'><strong>latioribus</strong></span> <span class='ocrx_word' id='word_1_300' title='bbox 890 3097 915 3135; x_wconf 88' lang='lat' dir='ltr'><strong>et</strong></span> <span class='ocrx_word' id='word_1_301' title='bbox 935 3084 1111 3136; x_wconf 73' lang='lat' dir='ltr'><strong>oblectamento</strong></span> <span class='ocrx_word' id='word_1_302' title='bbox 1125 3089 1190 3150; x_wconf 87' lang='lat' dir='ltr'><strong>aiut,</strong></span> <span class='ocrx_word' id='word_1_303' title='bbox 1212 3097 1238 3135; x_wconf 86' lang='lat' dir='ltr'><strong>et</strong></span> 
     </span>
     <span class='ocr_line' id='line_1_30' title="bbox 214 3171 1238 3239; baseline -0.002 -16"><span class='ocrx_word' id='word_1_304' title='bbox 214 3182 286 3223; x_wconf 79' lang='lat' dir='ltr'><strong>natea</strong></span> <span class='ocrx_word' id='word_1_305' title='bbox 301 3173 389 3223; x_wconf 75' lang='lat' dir='ltr'><strong>incudi</strong></span> <span class='ocrx_word' id='word_1_306' title='bbox 400 3173 500 3222; x_wconf 84' lang='lat' dir='ltr'><strong>reddere</strong></span> <span class='ocrx_word' id='word_1_307' title='bbox 512 3189 605 3222; x_wconf 72' lang='lat' dir='ltr'><strong>were.</strong></span> <span class='ocrx_word' id='word_1_308' title='bbox 618 3171 663 3221; x_wconf 88' lang='lat' dir='ltr'><strong>Ubi</strong></span> <span class='ocrx_word' id='word_1_309' title='bbox 675 3172 711 3221; x_wconf 88' lang='lat' dir='ltr'><strong>le-</strong></span> <span class='ocrx_word' id='word_1_310' title='bbox 742 3173 915 3238; x_wconf 79' lang='lat' dir='ltr'><strong>conparatione</strong></span> <span class='ocrx_word' id='word_1_311' title='bbox 931 3173 1035 3237; x_wconf 87' lang='lat' dir='ltr'><strong>pretium</strong></span> <span class='ocrx_word' id='word_1_312' title='bbox 1050 3174 1183 3239; x_wconf 82' lang='lat' dir='ltr'><strong>famamque</strong></span> <span class='ocrx_word' id='word_1_313' title='bbox 1196 3188 1238 3222; x_wconf 92' lang='lat' dir='ltr'><strong>au·</strong></span> 
     </span>
     <span class='ocr_line' id='line_1_31' title="bbox 214 3258 1237 3324; baseline 0 -16"><span class='ocrx_word' id='word_1_314' title='bbox 214 3261 308 3310; x_wconf 67' lang='lat' dir='ltr'><strong>victima</strong></span> <span class='ocrx_word' id='word_1_315' title='bbox 328 3276 383 3308; x_wconf 82' lang='lat' dir='ltr'><strong>eane</strong></span> <span class='ocrx_word' id='word_1_316' title='bbox 405 3261 505 3308; x_wconf 83' lang='lat' dir='ltr'><strong>mutatio</strong></span> <span class='ocrx_word' id='word_1_317' title='bbox 521 3268 568 3317; x_wconf 82' lang='lat' dir='ltr'><strong>eat3</strong></span> <span class='ocrx_word' id='word_1_318' title='bbox 591 3260 709 3307; x_wconf 83' lang='lat' dir='ltr'><strong>sententia</strong></span> <span class='ocrx_word' id='word_1_319' title='bbox 740 3268 824 3323; x_wconf 75' lang='lat' dir='ltr'><strong>grant:</strong></span> <span class='ocrx_word' id='word_1_320' title='bbox 838 3259 870 3307; x_wconf 74' lang='lat' dir='ltr'><strong>Ire</strong></span> <span class='ocrx_word' id='word_1_321' title='bbox 882 3258 924 3305; x_wconf 78' lang='lat' dir='ltr'><strong>die</strong></span> <span class='ocrx_word' id='word_1_322' title='bbox 938 3259 1074 3307; x_wconf 71' lang='lat' dir='ltr'><strong>Grenmue</strong></span> <span class='ocrx_word' id='word_1_323' title='bbox 1086 3274 1171 3307; x_wconf 79' lang='lat' dir='ltr'><strong>nemen</strong></span> <span class='ocrx_word' id='word_1_324' title='bbox 1178 3275 1237 3324; x_wconf 79' lang='lat' dir='ltr'><strong>pre-</strong></span> 
     </span>
     <span class='ocr_line' id='line_1_32' title="bbox 137 3327 1237 3410; baseline -0.003 -14"><span class='ocrx_word' id='word_1_325' title='bbox 137 3353 141 3360; x_wconf 90' lang='lat'>&#39;</span> <span class='ocrx_word' id='word_1_326' title='bbox 214 3363 271 3396; x_wconf 83' lang='lat' dir='ltr'><strong>vere</strong></span> <span class='ocrx_word' id='word_1_327' title='bbox 286 3347 334 3395; x_wconf 78' lang='lat' dir='ltr'><strong>iem</strong></span> <span class='ocrx_word' id='word_1_328' title='bbox 350 3327 413 3394; x_wconf 79' lang='lat' dir='ltr'><strong>clera</strong></span> <span class='ocrx_word' id='word_1_329' title='bbox 430 3354 454 3393; x_wconf 89' lang='lat' dir='ltr'><strong>et</strong></span> <span class='ocrx_word' id='word_1_330' title='bbox 471 3347 602 3410; x_wconf 73' lang='lat' dir='ltr'><strong>perspicua.</strong></span> <span class='ocrx_word' id='word_1_331' title='bbox 624 3345 711 3409; x_wconf 80' lang='lat' dir='ltr'><strong>Quere·</strong></span> <span class='ocrx_word' id='word_1_332' title='bbox 734 3346 829 3405; x_wconf 80' lang='lat' dir='ltr'><strong>fitetur</strong></span> <span class='ocrx_word' id='word_1_333' title='bbox 850 3358 934 3405; x_wconf 78' lang='lat' dir='ltr'><strong>reem,</strong></span> <span class='ocrx_word' id='word_1_334' title='bbox 956 3345 998 3409; x_wconf 82' lang='lat' dir='ltr'><strong>qui</strong></span> <span class='ocrx_word' id='word_1_335' title='bbox 1014 3342 1080 3392; x_wconf 82' lang='lat' dir='ltr'><strong>Notir</strong></span> <span class='ocrx_word' id='word_1_336' title='bbox 1094 3343 1125 3393; x_wconf 90' lang='lat' dir='ltr'><strong>ad</strong></span> <span class='ocrx_word' id='word_1_337' title='bbox 1139 3344 1167 3394; x_wconf 74' lang='lat' dir='ltr'><strong>l.</strong></span> <span class='ocrx_word' id='word_1_338' title='bbox 1183 3344 1237 3393; x_wconf 77' lang='lat' dir='ltr'><strong>Gel-</strong></span> 
     </span>
     <span class='ocr_line' id='line_1_33' title="bbox 214 3428 1237 3498; baseline -0.002 -17"><span class='ocrx_word' id='word_1_339' title='bbox 214 3433 262 3496; x_wconf 80' lang='lat' dir='ltr'><strong>rir,</strong></span> <span class='ocrx_word' id='word_1_340' title='bbox 287 3433 380 3498; x_wconf 82' lang='lat' dir='ltr'><strong>iuquit,</strong></span> <span class='ocrx_word' id='word_1_341' title='bbox 402 3431 544 3496; x_wconf 75' lang='lat' dir='ltr'><strong>Quintiliae,</strong></span> <span class='ocrx_word' id='word_1_342' title='bbox 566 3441 591 3478; x_wconf 91' lang='lat' dir='ltr'><strong>te</strong></span> <span class='ocrx_word' id='word_1_343' title='bbox 609 3429 646 3479; x_wconf 82' lang='lat' dir='ltr'><strong>bie</strong></span> <span class='ocrx_word' id='word_1_344' title='bbox 662 3440 709 3478; x_wconf 87' lang='lat' dir='ltr'><strong>ter·</strong></span> <span class='ocrx_word' id='word_1_345' title='bbox 741 3428 802 3476; x_wconf 88' lang='lat' dir='ltr'><strong>lium</strong></span> <span class='ocrx_word' id='word_1_346' title='bbox 811 3428 1070 3492; x_wconf 74' lang='lat' dir='ltr'><strong>tt.t.1x,8,eontra</strong></span> <span class='ocrx_word' id='word_1_347' title='bbox 1084 3428 1145 3479; x_wconf 86' lang='lat' dir='ltr'><strong>hanc</strong></span> <span class='ocrx_word' id='word_1_348' title='bbox 1159 3446 1237 3479; x_wconf 86' lang='lat' dir='ltr'><strong>emen-</strong></span> 
     </span>
     <span class='ocr_line' id='line_1_34' title="bbox 214 3513 1237 3585; baseline -0.005 -18"><span class='ocrx_word' id='word_1_349' title='bbox 214 3535 262 3585; x_wconf 85' lang='lat' dir='ltr'><strong>que</strong></span> <span class='ocrx_word' id='word_1_350' title='bbox 275 3518 364 3566; x_wconf 71' lang='lat' dir='ltr'><strong>frustra</strong></span> <span class='ocrx_word' id='word_1_351' title='bbox 377 3526 485 3566; x_wconf 85' lang='lat' dir='ltr'><strong>cenatum</strong></span> <span class='ocrx_word' id='word_1_352' title='bbox 498 3531 639 3564; x_wconf 80' lang='lat' dir='ltr'><strong>eeaeveraur</strong></span> <span class='ocrx_word' id='word_1_353' title='bbox 651 3516 709 3564; x_wconf 79' lang='lat' dir='ltr'><strong>ieter</strong></span> <span class='ocrx_word' id='word_1_354' title='bbox 741 3513 859 3562; x_wconf 90' lang='lat' dir='ltr'><strong>dationem</strong></span> <span class='ocrx_word' id='word_1_355' title='bbox 888 3515 1002 3564; x_wconf 79' lang='lat' dir='ltr'><strong>corniceri</strong></span> <span class='ocrx_word' id='word_1_356' title='bbox 1029 3513 1121 3581; x_wconf 75' lang='lat' dir='ltr'><strong>aliquid</strong></span> <span class='ocrx_word' id='word_1_357' title='bbox 1142 3514 1237 3563; x_wconf 77' lang='lat' dir='ltr'><strong>voluitr</strong></span> 
     </span>
     <span class='ocr_line' id='line_1_35' title="bbox 214 3589 1235 3667; baseline -0.004 -15"><span class='ocrx_word' id='word_1_358' title='bbox 214 3602 340 3652; x_wconf 85' lang='lat' dir='ltr'><strong>lambendo</strong></span> <span class='ocrx_word' id='word_1_359' title='bbox 362 3612 386 3651; x_wconf 90' lang='lat' dir='ltr'><strong>et</strong></span> <span class='ocrx_word' id='word_1_360' title='bbox 407 3599 517 3667; x_wconf 84' lang='lat' dir='ltr'><strong>fingendo</strong></span> <span class='ocrx_word' id='word_1_361' title='bbox 534 3600 643 3649; x_wconf 75' lang='lat' dir='ltr'><strong>meliores</strong></span> <span class='ocrx_word' id='word_1_362' title='bbox 657 3599 710 3648; x_wconf 87' lang='lat' dir='ltr'><strong>red·</strong></span> <span class='ocrx_word' id='word_1_363' title='bbox 742 3598 852 3666; x_wconf 84' lang='lat' dir='ltr'><strong>quodque</strong></span> <span class='ocrx_word' id='word_1_364' title='bbox 865 3601 912 3648; x_wconf 85' lang='lat' dir='ltr'><strong>iam</strong></span> <span class='ocrx_word' id='word_1_365' title='bbox 924 3616 938 3649; x_wconf 93' lang='lat' dir='ltr'><strong>a</strong></span> <span class='ocrx_word' id='word_1_366' title='bbox 948 3599 1061 3649; x_wconf 88' lang='lat' dir='ltr'><strong>decennio</strong></span> <span class='ocrx_word' id='word_1_367' title='bbox 1071 3589 1235 3663; x_wconf 74' lang='lat' dir='ltr'><strong>consueverat,</strong></span> 
     </span>
     <span class='ocr_line' id='line_1_36' title="bbox 215 3684 1236 3754; baseline 0 -19"><span class='ocrx_word' id='word_1_368' title='bbox 215 3686 432 3752; x_wconf 65' lang='lat' dir='ltr'><strong>recitavero,</strong></span> <span class='ocrx_word' id='word_1_369' title='bbox 454 3690 497 3754; x_wconf 78' lang='lat' dir='ltr'><strong>qui</strong></span> <span class='ocrx_word' id='word_1_370' title='bbox 515 3696 552 3735; x_wconf 88' lang='lat' dir='ltr'><strong>ter</strong></span> <span class='ocrx_word' id='word_1_371' title='bbox 567 3685 629 3734; x_wconf 89' lang='lat' dir='ltr'><strong>male</strong></span> <span class='ocrx_word' id='word_1_372' title='bbox 645 3687 709 3734; x_wconf 83' lang='lat' dir='ltr'><strong>exie·</strong></span> <span class='ocrx_word' id='word_1_373' title='bbox 741 3685 916 3735; x_wconf 79' lang='lat' dir='ltr'><strong>contumelioaie</strong></span> <span class='ocrx_word' id='word_1_374' title='bbox 947 3702 984 3734; x_wconf 88' lang='lat' dir='ltr'><strong>me</strong></span> <span class='ocrx_word' id='word_1_375' title='bbox 1014 3684 1091 3734; x_wconf 85' lang='lat' dir='ltr'><strong>verbia</strong></span> <span class='ocrx_word' id='word_1_376' title='bbox 1120 3686 1236 3750; x_wconf 87' lang='lat' dir='ltr'><strong>accipere.</strong></span> 
     </span>
     <span class='ocr_line' id='line_1_37' title="bbox 215 3770 1237 3839; baseline -0.002 -18"><span class='ocrx_word' id='word_1_377' title='bbox 215 3782 273 3821; x_wconf 88' lang='lat' dir='ltr'><strong>ruut</strong></span> <span class='ocrx_word' id='word_1_378' title='bbox 282 3790 362 3823; x_wconf 78' lang='lat' dir='ltr'><strong>verena</strong></span> <span class='ocrx_word' id='word_1_379' title='bbox 372 3790 466 3839; x_wconf 83' lang='lat' dir='ltr'><strong>prereue</strong></span> <span class='ocrx_word' id='word_1_380' title='bbox 476 3772 564 3835; x_wconf 87' lang='lat' dir='ltr'><strong>abiice,</strong></span> <span class='ocrx_word' id='word_1_381' title='bbox 578 3773 710 3838; x_wconf 77' lang='lat' dir='ltr'><strong>nequeiem</strong></span> <span class='ocrx_word' id='word_1_382' title='bbox 741 3771 879 3835; x_wconf 77' lang='lat' dir='ltr'><strong>Videamus,</strong></span> <span class='ocrx_word' id='word_1_383' title='bbox 902 3789 932 3820; x_wconf 89' lang='lat' dir='ltr'><strong>an</strong></span> <span class='ocrx_word' id='word_1_384' title='bbox 948 3772 1010 3821; x_wconf 84' lang='lat' dir='ltr'><strong>forte</strong></span> <span class='ocrx_word' id='word_1_385' title='bbox 1026 3788 1069 3837; x_wconf 89' lang='lat' dir='ltr'><strong>per</strong></span> <span class='ocrx_word' id='word_1_386' title='bbox 1085 3770 1196 3820; x_wconf 79' lang='lat' dir='ltr'><strong>obscurae</strong></span> <span class='ocrx_word' id='word_1_387' title='bbox 1212 3780 1237 3819; x_wconf 84' lang='lat' dir='ltr'><strong>et</strong></span> 
     </span>
     <span class='ocr_line' id='line_1_38' title="bbox 216 3855 1238 3924; baseline -0.003 -16"><span class='ocrx_word' id='word_1_388' title='bbox 216 3858 297 3908; x_wconf 73' lang='lat' dir='ltr'><strong>linum</strong></span> <span class='ocrx_word' id='word_1_389' title='bbox 312 3860 412 3924; x_wconf 79' lang='lat' dir='ltr'><strong>empliua</strong></span> <span class='ocrx_word' id='word_1_390' title='bbox 428 3858 514 3908; x_wconf 78' lang='lat' dir='ltr'><strong>adhibe</strong></span> <span class='ocrx_word' id='word_1_391' title='bbox 528 3857 559 3907; x_wconf 79' lang='lat' dir='ltr'><strong>ad</strong></span> <span class='ocrx_word' id='word_1_392' title='bbox 572 3875 610 3907; x_wconf 87' lang='lat' dir='ltr'><strong>eea</strong></span> <span class='ocrx_word' id='word_1_393' title='bbox 623 3858 712 3906; x_wconf 76' lang='lat' dir='ltr'><strong>frustra</strong></span> <span class='ocrx_word' id='word_1_394' title='bbox 743 3857 893 3906; x_wconf 74' lang='lat' dir='ltr'><strong>faeculentae</strong></span> <span class='ocrx_word' id='word_1_395' title='bbox 913 3858 1024 3906; x_wconf 71' lang='lat' dir='ltr'><strong>orationis</strong></span> <span class='ocrx_word' id='word_1_396' title='bbox 1047 3856 1162 3919; x_wconf 78' lang='lat' dir='ltr'><strong>nebulae,</strong></span> <span class='ocrx_word' id='word_1_397' title='bbox 1179 3855 1238 3923; x_wconf 83' lang='lat' dir='ltr'><strong>quid</strong></span> 
     </span>
     <span class='ocr_line' id='line_1_39' title="bbox 216 3940 1237 4011; baseline -0.001 -18"><span class='ocrx_word' id='word_1_398' title='bbox 216 3942 352 4011; x_wconf 73' lang='lat' dir='ltr'><strong>poliendos,</strong></span> <span class='ocrx_word' id='word_1_399' title='bbox 377 3943 418 3993; x_wconf 80' lang='lat' dir='ltr'><strong>red</strong></span> <span class='ocrx_word' id='word_1_400' title='bbox 438 3943 522 3993; x_wconf 87' lang='lat' dir='ltr'><strong>incude</strong></span> <span class='ocrx_word' id='word_1_401' title='bbox 543 3946 623 4010; x_wconf 80' lang='lat' dir='ltr'><strong>potine</strong></span> <span class='ocrx_word' id='word_1_402' title='bbox 644 3952 711 3991; x_wconf 85' lang='lat' dir='ltr'><strong>utere</strong></span> <span class='ocrx_word' id='word_1_403' title='bbox 743 3942 838 3991; x_wconf 89' lang='lat' dir='ltr'><strong>demum</strong></span> <span class='ocrx_word' id='word_1_404' title='bbox 853 3941 900 3990; x_wconf 85' lang='lat' dir='ltr'><strong>ribi</strong></span> <span class='ocrx_word' id='word_1_405' title='bbox 915 3940 989 4003; x_wconf 85' lang='lat' dir='ltr'><strong>velit,</strong></span> <span class='ocrx_word' id='word_1_406' title='bbox 1012 3942 1144 4006; x_wconf 88' lang='lat' dir='ltr'><strong>perapieere</strong></span> <span class='ocrx_word' id='word_1_407' title='bbox 1159 3940 1237 3992; x_wconf 77' lang='lat' dir='ltr'><strong>valer·</strong></span> 
     </span>
     <span class='ocr_line' id='line_1_40' title="bbox 217 4025 1238 4091; baseline -0.002 -13"><span class='ocrx_word' id='word_1_408' title='bbox 217 4028 345 4079; x_wconf 68' lang='lat' dir='ltr'><strong>formandis</strong></span> <span class='ocrx_word' id='word_1_409' title='bbox 357 4040 383 4078; x_wconf 93' lang='lat' dir='ltr'><strong>et</strong></span> <span class='ocrx_word' id='word_1_410' title='bbox 395 4028 539 4079; x_wconf 79' lang='lat' dir='ltr'><strong>fabricandis</strong></span> <span class='ocrx_word' id='word_1_411' title='bbox 550 4031 624 4078; x_wconf 78' lang='lat' dir='ltr'><strong>noris.</strong></span> <span class='ocrx_word' id='word_1_412' title='bbox 640 4029 712 4077; x_wconf 84' lang='lat' dir='ltr'><strong>Recte</strong></span> <span class='ocrx_word' id='word_1_413' title='bbox 744 4044 804 4076; x_wconf 84' lang='lat' dir='ltr'><strong>mur.</strong></span> <span class='ocrx_word' id='word_1_414' title='bbox 829 4028 887 4091; x_wconf 80' lang='lat' dir='ltr'><strong>Ergo</strong></span> <span class='ocrx_word' id='word_1_415' title='bbox 907 4025 933 4073; x_wconf 93' lang='lat' dir='ltr'><strong>id</strong></span> <span class='ocrx_word' id='word_1_416' title='bbox 949 4027 1050 4091; x_wconf 87' lang='lat' dir='ltr'><strong>primum</strong></span> <span class='ocrx_word' id='word_1_417' title='bbox 1073 4025 1135 4075; x_wconf 81' lang='lat' dir='ltr'><strong>velle</strong></span> <span class='ocrx_word' id='word_1_418' title='bbox 1160 4026 1238 4076; x_wconf 81' lang='lat' dir='ltr'><strong>dicere</strong></span> 
     </span>
     <span class='ocr_line' id='line_1_41' title="bbox 216 4109 1239 4180; baseline -0.004 -14"><span class='ocrx_word' id='word_1_419' title='bbox 216 4126 310 4180; x_wconf 83' lang='lat' dir='ltr'><strong>autem,</strong></span> <span class='ocrx_word' id='word_1_420' title='bbox 335 4117 423 4165; x_wconf 72' lang='lat' dir='ltr'><strong>Vererer</strong></span> <span class='ocrx_word' id='word_1_421' title='bbox 440 4124 478 4165; x_wconf 88' lang='lat' dir='ltr'><strong>ter</strong></span> <span class='ocrx_word' id='word_1_422' title='bbox 491 4117 555 4163; x_wconf 75' lang='lat' dir='ltr'><strong>erede</strong></span> <span class='ocrx_word' id='word_1_423' title='bbox 569 4123 656 4163; x_wconf 78' lang='lat' dir='ltr'><strong>retes:</strong></span> <span class='ocrx_word' id='word_1_424' title='bbox 676 4116 711 4162; x_wconf 77' lang='lat' dir='ltr'><strong>ita</strong></span> <span class='ocrx_word' id='word_1_425' title='bbox 743 4111 838 4162; x_wconf 83' lang='lat' dir='ltr'><strong>videtur</strong></span> <span class='ocrx_word' id='word_1_426' title='bbox 860 4111 923 4175; x_wconf 87' lang='lat' dir='ltr'><strong>(uam</strong></span> <span class='ocrx_word' id='word_1_427' title='bbox 945 4109 974 4159; x_wconf 88' lang='lat' dir='ltr'><strong>de</strong></span> <span class='ocrx_word' id='word_1_428' title='bbox 995 4121 1074 4161; x_wconf 89' lang='lat' dir='ltr'><strong>mente</strong></span> <span class='ocrx_word' id='word_1_429' title='bbox 1095 4113 1146 4163; x_wconf 83' lang='lat' dir='ltr'><strong>eiur</strong></span> <span class='ocrx_word' id='word_1_430' title='bbox 1161 4111 1239 4163; x_wconf 77' lang='lat' dir='ltr'><strong>herte-</strong></span> 
     </span>
    </p>
   </div>
   <div class='ocr_carea' id='block_1_4' title="bbox 0 0 1518 5000">
    <p class='ocr_par' dir='ltr' id='par_1_5' title="bbox 0 0 1518 5000">
     <span class='ocr_line' id='line_1_42' title="bbox 0 0 1518 5000; baseline 0 0"><span class='ocrx_word' id='word_1_431' title='bbox 0 0 1518 5000; x_wconf 95' lang='lat' dir='ltr'><strong> </strong></span> 
     </span>
    </p>
   </div>
  </div>
 </body>
</html>
