3009 5000
543 434 603 495 tlt
634 434 850 497 tisorias.
1147 437 1204 498 169

190 612 285 668 vinculo
300 615 474 667 connecterent.
491 614 557 679 Quod
572 617 646 680 igitur
658 617 684 663 iu
747 614 851 681 Epistola
859 614 987 666 edl’iaonea
994 615 1112 667 efficiebat
1119 625 1210 682 partem

190 703 296 753 versibus
313 704 403 751 Latinio
418 701 513 764 deerat,
535 699 580 748 boo
595 700 635 749 illi
649 702 686 748 in-
717 700 853 750 Sermonum
864 702 1211 768 etEpiatolarum,brevipoot·

189 788 341 855 terpretando
351 788 462 854 supplere
475 787 626 835 conatiaunt.
642 786 687 833 Uu·
719 801 789 851 quam
797 787 888 835 Horatii
900 804 971 854 opera
986 789 1128 838 coniunctim
1143 798 1212 837 eruut

190 874 299 925 doratio
322 884 435 940 apparet,
457 870 516 939 qnid
536 870 566 920 de
582 870 688 920 dirieetia
720 869 794 920 edita.
822 873 921 921 Romani
940 872 1061 939 legentes,
1080 874 1212 925 utilitatem
1270 934 1273 941 ⁴

190 968 274 1026 poetae
296 959 407 1009 membria
427 957 593 1007 iudicaverint.
615 957 686 1005 lleer·
717 959 852 1021 argumenti
859 958 1083 1024 perspiciebant,et
1093 959 1211 1026 Epistola,

189 1045 256 1095 laudi
275 1045 360 1095 bonam
377 1044 493 1110 Epistulae
508 1043 685 1109 interpretatio·
717 1043 766 1090 iarn
778 1042 833 1092 aliia
844 1043 953 1094 omnibus
964 1044 1069 1111 longior,
1085 1046 1213 1111 separatim

190 1148 245 1181 nem
260 1148 308 1181 non
321 1130 442 1179 habemur.
458 1128 626 1196 Bilderdykiua
637 1144 686 1190 non
718 1126 910 1192 describebatur,
934 1140 960 1190 et
983 1130 1122 1196 opusculum
1141 1147 1213 1196 pecu·

191 1219 307 1279 tentavit,
322 1232 383 1265 unua
396 1217 514 1278 omnium,
527 1216 570 1280 qtri
583 1229 687 1279 unquam
718 1212 779 1262 liare
795 1212 936 1265 habebatur.
952 1217 1040 1282 Exque
1048 1217 1214 1266 autemllram·

190 1301 255 1375 apud
270 1318 312 1351 noa
327 1304 409 1364 fuere,
430 1301 488 1349 huic
503 1302 571 1365 operi
586 1299 687 1348 maxime
718 1300 801 1347 matici
821 1300 927 1349 inludia
943 1302 1111 1368 explicabant,
1132 1302 1214 1368 appel·

191 1387 296 1438 idoneus.
311 1387 357 1436 Sed
369 1389 391 1436 ri
402 1403 464 1436 uuuo
472 1403 564 1447 eorum,
574 1386 687 1451 quinum
719 1383 830 1433 laverunt
838 1384 926 1435 librum
935 1388 985 1450 ,aic
993 1389 1032 1436 uti
1040 1397 1103 1452 eret,
1112 1389 1214 1453 Episto-

190 1483 261 1537 aunt,
283 1472 389 1522 versibus
404 1471 542 1522 Neerlandio
556 1471 686 1520 Romanum
718 1471 769 1518 lom
784 1470 942 1535 ndPo'eooea,
953 1472 995 1521 aed
1005 1473 1107 1522 alterum
1115 1473 1214 1522 titulum

191 1577 285 1609 carmen
300 1537 428 1622 redderet,
449 1560 483 1620 ir,
506 1555 589 1619 credo,
607 1555 688 1605 eadem
720 1554 833 1604 addidere
841 1558 1214 1621 submurmurantium,

190 1645 333 1695 difficultate
348 1643 518 1711 impediretur,
542 1659 589 1709 qua
604 1642 687 1690 Franci
718 1651 793 1707 puto,
806 1642 915 1708 exempla
922 1641 1215 1710 babemuoinduplicibua

191 1739 217 1780 et
237 1732 347 1779 Germani
365 1747 390 1778 oe
408 1728 534 1795 impeditor
554 1736 685 1776 senserunt.
720 1726 800 1775 titulio
813 1726 948 1776 fabularum
960 1729 1114 1793 Graecarum,
1130 1731 1178 1778 iam
1189 1732 1216 1779 in

191 1814 253 1880 Quid
273 1815 350 1865 dicam
365 1814 395 1862 de
411 1815 504 1884 ingenti
519 1814 688 1862 Commentato-
719 1811 896 1878 Epicharmeia,
913 1816 939 1863 in
954 1815 1058 1864 Platonis
1074 1816 1216 1877 Phaedone,

191 1919 245 1950 rum
257 1917 369 1964 numero,
380 1903 422 1967 qui
434 1900 496 1949 hanc
507 1899 633 1965 Epistulam
646 1915 701 1947 aur
719 1899 745 1946 in
762 1897 878 1948 ciceronio
889 1901 975 1949 Laelio
983 1911 1008 1950 et
1017 1902 1122 1963 Catone,
1135 1902 1161 1949 in
1170 1903 1216 1949 To·

163 2020 164 2025 ,
192 1966 354 2036 notationibus
369 1986 567 2035 illustraverunt?
584 1985 685 2042 Horum,
719 1984 771 2034 eite'
782 1985 903 2051 Dialogo,
916 1987 971 2035 aive
985 1987 1238 2036 deeoueoieeomw

192 2082 251 2139 quot
265 2081 321 2122 runt
338 2073 433 2137 capita,
449 2081 486 2120 tot
499 2072 550 2120 lere
566 2079 622 2119 aunt
637 2086 690 2118 aen·
717 2076 780 2134 plue
800 2072 967 2135 eloquentiae,
988 2073 1051 2122 aliia.
1075 2071 1169 2122 Titulus
1188 2071 1218 2123 dt

193 2160 293 2209 terme.
322 2157 389 2222 Quor
410 2160 464 2207 reri
483 2158 622 2222 neutiquam
638 2165 690 2220 pot·
722 2155 1218 2224 Artenoemamnat,uqu0umoun-
1317 2144 1319 2149 ’

192 2246 327 2307 uiooet,.ai
347 2259 429 2292 revera
451 2242 553 2307 simplex
575 2251 600 2290 et
615 2256 689 2288 uuum
721 2241 803 2289 tiliani
824 2252 902 2290 aetate
918 2243 990 2308 vulgo
1006 2242 1137 2293 ferebatur.
1159 2240 1218 2308 Quia

193 2340 254 2380 ercet
270 2328 350 2378 libelli
366 2329 504 2389 consilinm,
524 2335 549 2375 et
565 2335 691 2393 praecepta
723 2325 828 2390 Epistola
848 2341 891 2392 pro
907 2326 969 2375 libro
984 2328 1102 2393 peculiari
1113 2326 1218 2377 babeba-
1306 2314 1309 2317 ¹

191 2417 240 2466 alia
261 2433 290 2464 ex
306 2415 361 2464 aliis
376 2423 432 2480 apte
449 2412 636 2473 deducerentur,
654 2421 691 2459 at·
722 2419 779 2473 tur,
809 2428 824 2458 a
847 2410 930 2461 multia
953 2411 1098 2462 editionibuo
1121 2431 1218 2479 operum

191 2520 238 2569 quc
264 2504 328 2552 iuter
348 2502 509 2567 principium,
539 2495 642 2547 medium
664 2507 689 2546 et
721 2495 1219 2567 Horatianorumaberat.ilinc,quipoetea

191 2592 263 2639 linem
284 2604 313 2636 ea
333 2588 509 2654 oourpieeretur
523 2582 688 2644 necessitudo,
721 2575 931 2633 anie'eticionibur
946 2584 1081 2648 addebant,
1103 2586 1147 2635 alii
1161 2585 1218 2647 lrie,

191 2691 262 2741 qnam
286 2676 336 2739 ipae
357 2673 467 2722 Horatius
490 2669 613 2721 Pisonibua
628 2686 690 2718 com·
721 2668 827 2718 aliiillic
835 2669 999 2735 apponebant,
1013 2673 1219 2738 etreperiaonunc

192 2758 297 2809 mendat.
328 2757 437 2808 Ordinem
463 2759 539 2822 igitur
562 2771 688 2817 versuum,
721 2762 775 2819 poet
797 2754 893 2819 Epodoe
911 2766 936 2804 et
955 2758 1058 2806 Comen
1073 2760 1217 2820 Saeculare,

193 2845 277 2911 eulpa,
293 2861 341 2893 non
353 2844 459 2905 Horatii,
472 2841 513 2890 sed
529 2841 644 2903 aliorum,
660 2849 689 2887 ut
721 2856 785 2888 nunc
798 2839 899 2890 mediam
911 2843 976 2891 inter
988 2843 1119 2907 Epistulae
1130 2853 1154 2892 et
1162 2846 1219 2892 Ser-

193 2940 266 2996 puto,
291 2929 427 2991 turbatum,
447 2929 572 2976 restituere
589 2925 688 2988 atudui,
720 2941 815 2988 manee,
831 2943 895 2977 nunc
908 2927 976 2978 alibi.
995 2930 1071 2978 Huius
1086 2931 1218 2979 inconstan-

194 3026 220 3065 et
243 3014 378 3080 exemplum
399 3012 480 3075 edidi,
505 3012 575 3078 quale
591 3011 622 3060 ab
638 3013 689 3077 ipoo
722 3014 771 3060 tiae
794 3010 933 3065 documenta
951 3013 1058 3064 videmur
1073 3017 1099 3065 in
1114 3015 1176 3065 MSS.
1194 3024 1218 3063 et

192 3110 264 3167 poeta
272 3102 364 3165 concipi
369 3100 472 3165 potuisse
481 3096 621 3147 arbitrabar.
627 3098 690 3146 Non·
720 3099 804 3164 primia
813 3098 927 3165 exemplis
935 3116 978 3166 per
988 3099 1168 3167 typographiam
1179 3117 1218 3150 ex·

192 3186 257 3235 nulli
271 3194 327 3235 ante
344 3202 381 3233 me
396 3184 518 3251 vulgatum
533 3183 639 3236 ordinem
651 3182 692 3232 bic
723 3184 818 3249 preoaio.
843 3183 888 3232 Sed
906 3184 964 3234 libri
982 3195 1089 3236 veterum
1104 3203 1219 3253 nmquam

193 3273 248 3323 illio
263 3282 392 3321 mutavere.
418 3272 482 3337 Ego,
498 3280 528 3319 ut
543 3270 614 3335 plane
629 3268 693 3318 liber
723 3271 798 3334 magia
814 3269 1024 3336 corrumpebantur
1043 3288 1114 3339 quam
1129 3275 1155 3323 in
1171 3289 1219 3322 ma·

194 3369 219 3409 et
232 3375 298 3409 meur
311 3374 399 3420 arem,
415 3372 462 3405 non
474 3358 580 3422 inspexi,
594 3354 690 3404 uiolab-
721 3354 792 3404 nibus
804 3355 1025 3420 Grammaticorum,
1035 3374 1074 3407 eor
1085 3358 1184 3409 inludia
1194 3368 1218 3407 et

192 3444 270 3494 aoluto
280 3460 351 3512 opere
359 3459 419 3492 meo.
428 3442 476 3490 Hoc
485 3451 549 3490 certe
561 3441 621 3489 mihi
631 3441 690 3489 effe·
721 3440 809 3490 aetolia
822 3444 1040 3509 interpretantium.
1057 3445 1105 3494 lam
1116 3447 1218 3512 primum

193 3525 688 3595 cinevideor,utEpiatola,aiodirpoaita,
720 3527 757 3575 ita
780 3527 1146 3593 frequentiurdereribebantur.
1168 3531 1218 3594 Quo
1281 3539 1284 3544 ⁴

143 3625 149 3633 ’
192 3619 240 3666 iam
260 3616 374 3665 facillime
395 3613 425 3664 ab
442 3612 551 3662 omnibus
567 3613 688 3678 intelliga-
720 3613 870 3679 frequentina
883 3625 963 3663 eutem
975 3615 1102 3681 descripti,
1118 3614 1163 3664 hoe
1171 3632 1218 3665 ma·

193 3712 241 3751 tur.
251 3703 334 3769 inqua
341 3719 366 3750 re
374 3718 422 3751 non
429 3716 511 3748 vereor
518 3715 549 3747 ne
557 3714 643 3765 paucoa
649 3697 692 3747 ha·
724 3702 761 3766 gio
780 3701 887 3767 corrupti
901 3700 1035 3767 prodibant.
1057 3702 1128 3751 Pueri
1142 3701 1218 3751 multa

192 3786 287 3836 biturua
301 3791 344 3836 aim
361 3786 421 3836 mihi
433 3787 599 3835 assentientes:
613 3800 690 3850 neque
723 3784 752 3834 de
776 3786 832 3835 lrte
856 3787 950 3836 Poetica
970 3805 1017 3837 non
1040 3786 1217 3853 intelligebant.

192 3884 272 3922 tamen
286 3872 384 3936 iioderu,
397 3870 549 3938 rogantibus,
562 3885 609 3936 quo
622 3867 689 3918 ruodo
721 3871 871 3920 Grammatici
881 3883 1007 3938 praecepta
1019 3882 1171 3939 excerpentes
1183 3874 1219 3922 fa-

193 3958 254 4006 haeo
272 3957 375 4023 Epistola
393 3955 499 4005 veroibua
512 3954 574 4004 adeo
591 3952 692 4004 turbatio
723 3956 807 4004 ciliora
827 3958 943 4022 primum,
965 3956 1050 4007 deinde
1067 3956 1218 4021 difficiliora,

194 4044 314 4108 corrumpi
330 4043 452 4107 potuerit,
474 4058 521 4090 uon
535 4039 612 4089 babeo
628 4039 691 4107 guod
723 4039 889 4106 explicabant,
903 4040 1042 4105 dictabant,
1056 4042 1161 4093 ordinem
1178 4061 1220 4093 vo·

190 4127 354 4195 respondeam.
720 4124 858 4175 cabulorunr
873 4126 904 4176 ad
919 4127 1105 4193 intelligentiam
1120 4131 1218 4180 celerio-
