3009 5000
290 433 330 495 78
556 434 770 495 nonnuli
800 435 1045 497 EPISTOLA

319 635 388 706 Neo
412 634 556 706 reditum
583 584 752 706 Diomedis
774 634 818 705 ab
839 614 976 708 interitu
1000 637 1177 733 Meleagri,

287 858 355 924 plum
370 857 498 908 lucramur.
516 858 544 907 ln
560 858 620 908 llSS.
637 858 705 909 nulla
720 856 786 907 vide-
817 857 896 925 adytis
909 858 998 910 Phoebi
1015 863 1150 927 proiectum
1167 866 1205 912 sit.
1221 863 1258 911 lta
1278 879 1319 911 er-

285 954 327 992 tur
343 960 393 992 esse
413 946 524 994 varietas.
545 944 592 994 lea
606 943 669 994 nihil
685 946 784 993 notavit.
817 961 882 992 rores
894 946 921 994 in
942 945 980 994 his
999 947 1122 997 literarum
1137 948 1222 998 studiis
1235 965 1319 1014 propa·

285 1028 409 1079 leidensia
420 1041 500 1080 nostra
515 1030 545 1079 ad
561 1047 635 1080 unuin
651 1033 728 1079 omnia
743 1029 785 1078 ha·
819 1040 913 1094 gantur.
931 1031 1053 1081 Bentleius
1059 1035 1130 1082 iatam
1143 1037 1319 1083 annotationem

286 1114 345 1164 beot
355 1118 515 1181 Scyllamque.
533 1116 640 1165 Ceterum
653 1118 738 1179 Scylla
745 1115 785 1164 bic
818 1133 974 1181 componens,
987 1134 1036 1167 non
1043 1123 1192 1169 mminerat
1205 1120 1317 1186 exempli.

285 1180 334 1252 riou
365 1202 424 1252 adeo
449 1220 463 1252 a
491 1200 608 1268 Charybdi
631 1200 784 1266 disiungitur.
816 1201 925 1251 Habebat
942 1205 1054 1252 nimirum
1073 1204 1136 1254 bane
1156 1207 1180 1254 in
1197 1205 1318 1255 veteribus

286 1289 379 1354 Corrige
405 1289 632 1353 interpunctionem:
661 1286 787 1352 Aote'pte
818 1288 1005 1354 interpretandis
1036 1291 1247 1355 consuetudinem,
1273 1302 1318 1355 ut,

288 1382 347 1436 ren,
360 1375 527 1437 &yllamqnm
545 1380 586 1434 et,
603 1388 657 1421 enm
667 1373 785 1437 Cyclope,
818 1375 861 1439 qui
877 1384 926 1424 tam
943 1385 1039 1424 acutum
1049 1387 1156 1426 cerneret
1168 1394 1239 1443 wem
1251 1378 1318 1443 aqui·

186 1496 190 1501 .
288 1460 433 1523 Charybdin.
451 1460 522 1523 Quasi
537 1458 658 1523 legeretur
670 1457 786 1524 Antipha·
819 1459 856 1523 la,
875 1461 961 1517 vitium
977 1461 1074 1527 aliquod
1086 1462 1168 1511 statim
1187 1462 1319 1528 depreben-

287 1556 341 1607 ten,
355 1544 505 1612 Scyllamque
522 1554 547 1593 et
562 1542 712 1611 Charybdin,
730 1563 784 1595 eum
817 1545 897 1606 deret;
917 1546 1062 1613 deprehenso
1075 1549 1158 1597 statim
1167 1559 1273 1613 paratam
1282 1550 1318 1598 la-

285 1630 397 1697 (iyolope3
415 1630 461 1679 hoo
474 1639 510 1678 est
522 1631 674 1695 Scyllamque
687 1638 714 1679 et
724 1632 785 1680 Cliu-
818 1642 883 1681 ceret
899 1632 1048 1683 medicinam.
1076 1635 1109 1682 De
1126 1634 1235 1684 utilitate
1252 1644 1277 1683 et
1293 1637 1319 1682 vi

286 1718 412 1782 rybdiuet
428 1716 559 1781 Cyclopem.
818 1717 949 1767 medicinae
974 1729 1055 1784 postea
1082 1718 1219 1786 cogitabat,
1244 1736 1318 1786 quum

316 1804 370 1853 Nec
393 1804 502 1851 reditum
522 1803 652 1852 Diornedis
672 1805 703 1852 nb
717 1805 784 1852 inte·
816 1805 864 1853 iam
872 1803 1028 1854 adhibuisset.
1045 1806 1178 1855 eodemus
1185 1807 1317 1869 urbes,in·

284 1891 341 1939 ritas
360 1890 493 1955 Meleagri.
519 1889 604 1938 Poetae
629 1889 717 1956 Cyrtii,
742 1890 785 1954 qui
816 1891 899 1952 salua,
921 1898 1031 1953 montes,
1047 1890 1117 1953 loca,
1139 1906 1200 1957 puae
1216 1891 1255 1941 vel
1270 1892 1318 1957 ipsi

284 1973 782 2039 Ndo‘covceomposuernnt,lliomedisnon
813 1976 886 2040 primi
911 1992 965 2025 cum
990 1976 1079 2026 colonis
1102 1975 1252 2040 habitamus,
1277 1977 1315 2026 vel

285 2059 357 2109 obliti
368 2070 430 2109 sunt.
445 2059 502 2109 lide
515 2060 666 2127 Heyniumin
679 2061 785 2108 Excursu
816 2076 891 2125 qnae,
909 2061 957 2109 iam
974 2059 1005 2110 ab
1018 2061 1074 2110 aliis
1091 2061 1214 2125 habitata,
1232 2063 1317 2112 incolis

285 2145 316 2195 ad
330 2145 426 2197 daneid.
440 2147 487 2209 Xl,
503 2146 559 2195 243.
577 2144 720 2196 scholiastae
736 2145 783 2194 lio·
815 2163 936 2212 augemus.
961 2147 1088 2197 Suetonius
1110 2149 1137 2197 in
1152 2149 1257 2214 Augusto
1273 2150 1315 2198 ⁰8.

286 2235 375 2283 ratiani
399 2235 521 2281 nominant
553 2242 647 2298 poetam
679 2231 785 2281 Antima-
816 2234 969 2298 Masgaban,
991 2236 1066 2298 quusi
1081 2235 1316 2283 cmditorem'ineu·

288 2321 372 2370 chum:
394 2319 513 2385 iidemque
531 2317 563 2367 ad
585 2318 659 2368 Carm.
685 2318 728 2380 ll,
749 2332 782 2381 11,
816 2321 868 2383 loe,
887 2315 997 2386 κτίστὴν
1011 2336 1096 2370 sorore
1109 2329 1249 2370 coemat.
1263 2319 1316 2368 lel-

286 2409 334 2471 33,
357 2416 473 2456 testantur
490 2405 578 2454 lulium
599 2404 726 2453 Antonium
742 2406 783 2453 lte-
814 2405 877 2453 leius
892 2406 1063 2469 Paterculusl,
1076 2411 1101 2456 2.
1121 2409 1199 2470 Tyria
1211 2409 1315 2469 elassis,

286 2496 352 2545 rm'co
382 2501 460 2543 otene
486 2491 631 2541 Diornedeos
658 2489 784 2539 moenem
814 2492 925 2541 iamlam
937 2492 1111 2554 cinewissem
1126 2493 1219 2540 Oceano
1236 2493 1316 2541 Gades

287 2583 364 2646 libros
377 2579 513 2645 empsisse
528 2577 648 2644 egregias.
675 2576 783 2640 Titulus,
816 2577 936 2627 confidit.
952 2578 1092 2642 Pomponius
1099 2577 1194 2640 llelal,
1204 2580 1243 2628 19.
1257 2580 1316 2628 Siu-

286 2669 314 2717 ni
329 2666 414 2730 fallor,
431 2662 648 2726 iuitDs'omediua,
664 2671 692 2710 ut
700 2662 780 2712 Ilias:
812 2663 1047 2713 tosianianum
1059 2665 1089 2712 ab
1104 2666 1173 2728 apsis
1190 2673 1316 2714 emerem

286 2762 313 2802 et
328 2751 392 2819 apud
403 2752 611 2799 Commentatoram
620 2748 711 2815 legitur
722 2749 785 2797 Dio·
816 2750 953 2798 cultoribus
969 2750 1069 2799 omdita
1083 2758 1131 2800 est.
1155 2751 1188 2799 De
1202 2768 1249 2817 quo
1262 2751 1314 2800 loeo

286 2840 388 2888 medeas.
404 2837 450 2885 Res
462 2834 579 2885 Diomedis
591 2837 617 2884 iu
632 2834 704 2884 ltalia
716 2836 785 2884 luere
817 2836 852 2884 sio
859 2836 945 2884 statuit
953 2834 1133 2886 Sanetocrucins
1145 2838 1172 2886 in
1180 2838 1252 2886 Novis
1259 2838 1315 2886 ini-

285 2927 402 2993 aognitae.
418 2923 525 2972 Meminit
539 2923 664 2983 Horatius,
683 2931 708 2968 et
724 2921 780 2983 alii,
814 2921 891 2972 madv.
906 2921 937 2971 ad
952 2921 1119 2989 Cyropaediam
1135 2940 1191 2991 pag.
1199 2925 1256 2974 eta.
1274 2922 1313 2973 ed.

286 3015 335 3062 lori
348 3009 379 3060 ab
396 3027 424 3059 eo
442 3009 552 3072 conditi,
577 3005 722 3070 itant,
738 3009 780 3057 92.
813 3007 924 3058 Sebneid.
939 3025 988 3058 esse
1001 3026 1102 3058 errorem
1113 3012 1314 3077 Pomponii,quia

284 3096 407 3148 Bentleius
431 3095 526 3162 quidem
542 3094 608 3143 hune
627 3109 721 3141 versum
737 3110 781 3158 pro
813 3094 916 3160 populus
927 3097 973 3146 iste
986 3112 1034 3145 non
1047 3095 1225 3148 habuitorlee.
1243 3097 1313 3145 Putat

284 3185 364 3250 spurio
380 3180 462 3231 babet.
480 3181 560 3250 Neque
579 3180 678 3228 sertam
699 3180 782 3228 imme-
813 3181 926 3229 nimirnm
941 3182 966 3230 iu
983 3179 1055 3231 verbo
1069 3183 1169 3231 eosdm
1182 3183 1313 3232 necessario

283 3270 339 3319 rito.
356 3266 402 3317 Sed
423 3276 600 3334 argumentum,
622 3281 669 3332 quo
685 3266 780 3327 utitur,
814 3267 934 3316 notionem
955 3268 1027 3316 serbis
1048 3269 1172 3318 contineri.
1204 3265 1251 3316 Sed
1267 3266 1313 3317 hoc

281 3357 339 3422 quia
367 3354 493 3419 interpreti
523 3350 615 3401 cuidam
638 3352 715 3400 visum
745 3361 782 3400 est
813 3350 869 3400 inde
892 3368 940 3402 non
955 3355 1031 3421 magis
1046 3357 1167 3421 seqnitur,
1189 3370 1274 3419 quam,
1291 3355 1312 3403 ai

279 3441 456 3509 gmrianmum,
472 3438 518 3487 boe
530 3454 577 3487 non
589 3436 657 3486 modo
669 3455 717 3488 non
727 3454 780 3504 gra·
810 3437 924 3488 Romulus
940 3437 1034 3489 dicatur
1046 3441 1184 3490 conone
1197 3441 1311 3504 Roriam,

277 3544 310 3576 re
334 3533 384 3588 est,
408 3523 450 3574 sed
470 3526 541 3573 etiam
557 3523 652 3574 fabum.
670 3525 780 3573 »Locum
810 3523 907 3574 Romam
919 3536 1045 3592 propterea
1058 3536 1113 3576 ante
1126 3525 1252 3575 Romulum
1264 3543 1312 3577 nou

280 3613 369 3679 qnippe
390 3611 503 3673 condere,
524 3611 559 3659 ait
583 3611 722 3674 britannus,
747 3627 778 3659 ne
811 3612 943 3675 antitiste,
967 3611 1102 3662 contendas.
1127 3610 1198 3678 Apud
1212 3613 1312 3664 Graecos

280 3699 390 3747 latinum
406 3696 502 3763 quidem
517 3695 624 3745 videtur:
642 3706 706 3745 carte
721 3712 778 3746 nus·
809 3696 905 3763 quidem
920 3698 1022 3761 κτίζειν
1030 3700 1125 3763 νήσους
1133 3698 1311 3764 frequentatum

278 3799 352 3851 quam
373 3799 515 3849 quemquam
540 3784 573 3831 sie
597 3781 703 3831 locatam
729 3798 779 3831 esse
813 3792 857 3832 est.
874 3782 1041 3849 Venelingius
1054 3782 1092 3833 bis
1105 3784 1248 3850 explicavit,
1262 3787 1311 3852 pri-

282 3872 406 3920 memini.”
422 3869 488 3935 Quod
501 3871 539 3918 vir
554 3884 653 3935 magnus
668 3867 780 3917 dubitan-
811 3886 875 3919 mum
897 3871 923 3918 in
944 3868 1039 3920 Observ.
1057 3872 1094 3933 ll,
1117 3872 1156 3923 16.
1177 3871 1263 3922 deinde
1278 3870 1310 3922 ad

281 3967 320 4006 ter
336 3958 421 4022 ponit,
447 3954 510 4022 quod
526 3953 573 4004 sibi
588 3957 624 4004 ita
645 3956 728 4004 eidem
744 3954 780 4003 di-
812 3954 906 4004 Diodor.
920 3954 1025 4004 Siculam
1043 3955 1069 4007 T.
1088 3957 1114 4020 l,
1131 3975 1186 4024 pag.
1199 3960 1256 4008 306.
1280 3957 1310 4006 Bt

283 4043 331 4104 cit,
348 4040 411 4107 quod
423 4051 487 4090 certe
500 4057 547 4091 non
560 4042 719 4103 msonnerot,
736 4040 781 4089 boc
813 4038 969 4090 Callimachus
990 4039 1078 4091 librum
1099 4045 1195 4110 scripsit
1210 4044 1308 4099 aeterne

284 4128 321 4177 ita
335 4126 445 4177 nonnulli
461 4128 592 4193 arripiunt,
614 4137 733 4194 tamquam
751 4144 781 4177 ex
813 4130 897 4193 νήσων
920 4126 966 4175 καὶ
983 4127 1095 4179 πόλεων.
1136 4133 1213 4194 Atque
1237 4130 1309 4178 istam

1496 940 1501 999 l
