3009 5000
295 481 335 545 22
553 478 767 545 uouttn
794 479 1042 547 aristeas

323 683 459 758 Iudiciis
483 691 679 755 monstrare·
695 682 886 755 recentibus
909 683 1024 755 ahdita
1045 705 1179 771 rerum3

294 918 351 969 ceps
373 901 509 970 apographa
533 910 687 970 propagetur.
719 904 787 955 BEN·
817 901 899 962 daetas
921 901 963 953 sed
978 911 1007 952 nt
1021 904 1069 952 iam
1084 904 1165 952 statim
1180 903 1205 952 in
1221 904 1310 969 priuci-

294 991 399 1042 TLElUS.
446 1040 449 1057 Ι
818 994 876 1059 pio,
893 1001 918 1040 et
934 989 1032 1054 deiude,
1049 993 1070 1041 si
1084 1009 1122 1040 res
1138 992 1214 1054 ferat,
1230 989 1308 1054 dicas,

326 1080 390 1144 Quae
403 1079 525 1130 bentleius
536 1079 658 1146 disputans
673 1083 786 1130 inunum
818 1097 879 1148 quae
903 1079 1006 1129 nondum
1030 1078 1079 1127 dici
1107 1077 1242 1142 debebant,
1267 1087 1309 1142 et,

294 1168 430 1230 coniunxit,
453 1167 512 1216 baec
534 1182 577 1231 ego
593 1165 722 1232 separanda
740 1184 791 1218 esse
821 1184 882 1235 quae
907 1167 955 1217 dici
979 1164 1113 1230 debebant,
1144 1182 1172 1214 ea
1194 1168 1220 1215 in
1245 1162 1312 1214 aliud

294 1257 389 1320 putavi,
406 1271 452 1321 quo
466 1253 562 1303 facilius
579 1254 638 1304 haec
655 1265 735 1305 nostra
751 1256 787 1306 di·
819 1267 913 1323 tempus
925 1257 1029 1306 differas.
1043 1255 1156 1321 Virgilius
1168 1255 1251 1304 sumsit
1264 1271 1313 1303 ure·

291 1344 397 1408 sputatio
412 1340 571 1405 intelligatur.
819 1346 903 1392 terienr
919 1344 1030 1394 Aeneida.
1050 1344 1150 1410 Incipit:
1170 1343 1231 1390 Urbs
1245 1342 1313 1389 auti·

329 1428 361 1474 Ut
376 1427 428 1473 s'aus
443 1443 507 1476 nuuc
522 1427 592 1474 dieat
604 1429 656 1475 iam
671 1443 735 1477 naue
747 1428 787 1476 de·
818 1444 865 1493 qua
873 1431 947 1493 fuit,
966 1432 1041 1495 Tyrii
1056 1440 1155 1479 tenuere
1170 1428 1255 1477 eoleui.
1272 1427 1314 1472 Di·

296 1510 379 1558 deutia
397 1511 458 1559 atet.
498 1512 609 1565 Horatius
631 1512 739 1579 loquitur
761 1513 790 1562 de
824 1516 857 1562 cit
871 1513 1002 1563 adeonuuc
1015 1514 1118 1564 noudum
1131 1513 1243 1571 dicenda3
1258 1530 1313 1562 uam

270 1600 278 1610 “
297 1598 399 1647 Ordine.
445 1600 491 1664 Qui
516 1598 545 1647 de
569 1599 653 1649 Ordine
677 1600 790 1652 widinis
821 1600 900 1650 dicere
909 1602 1024 1651 debuerat
1032 1603 1144 1651 deTroia.
1158 1602 1249 1649 Fater
1248 1600 1312 1661 reia,

295 1687 411 1751 exponit,
436 1687 456 1737 is
478 1688 553 1753 primo
576 1698 669 1754 spectat
693 1692 790 1740 initium
822 1691 861 1739 ibi
880 1692 1009 1739 habitabat
1026 1690 1130 1739 Aeneas.
1157 1687 1209 1735 rtox
1232 1682 1313 1732 eodem

295 1773 379 1824 tetius.
412 1774 510 1823 Initium
540 1775 580 1826 bie
604 1780 712 1845 inprimis
736 1798 790 1847 spe-
822 1781 917 1831 turbato
937 1779 1019 1829 ordine
1040 1780 1131 1845 pergit:
1158 1777 1205 1823 Via
1227 1789 1240 1821 e
1259 1789 1314 1820 eon-

293 1868 387 1922 atatur,
404 1878 418 1908 a
433 1877 480 1927 quo
496 1862 522 1910 in
538 1866 603 1913 omni
617 1881 643 1913 re
661 1869 791 1932 suscipies·
822 1877 908 1932 sptem
934 1870 1034 1917 Siculae
1061 1864 1161 1914 telluris
1186 1863 1216 1910 in
1234 1863 1314 1909 ultum

297 1942 341 2006 da,
357 1961 434 2010 neque
451 1948 529 1996 miuus
544 1950 570 1997 in
586 1952 657 2016 Epicu
672 1956 790 2017 carmine,
826 1956 883 2004 Vela
898 1957 989 2004 dabunt
1004 1956 1075 2003 laeti.
1092 1953 1175 1999 Dicere
1188 1947 1315 1997 debuerat:

294 2027 430 2080 tammulti
441 2030 553 2095 pendent.
570 2034 681 2099 Spectare
693 2037 790 2087 bicini-
824 2040 872 2087 Vis
895 2055 908 2088 e
931 2046 1059 2103 susspecta
1089 2040 1177 2087 Troiae
1201 2043 1317 2085 vastatae

295 2116 358 2165 tium
381 2116 493 2166 Garmiuis
517 2120 600 2184 Epiri,
628 2121 713 2172 lectori
734 2142 787 2173 meo
820 2128 875 2174 seda
894 2126 992 2175 dabant.
1015 2127 1044 2173 Et
1058 2134 1150 2173 veteres
1165 2123 1316 2171 Grammatiei

295 2203 367 2251 etiam
373 2238 381 2265 ,
400 2204 427 2251 ni
442 2203 529 2267 fallor,
548 2209 682 2259 verosimile
698 2210 790 2261 videbi·
821 2212 884 2262 hane
900 2213 989 2262 ordinis
1004 2215 1120 2261 rationem
1137 2210 1251 2276 exemplis
1266 2208 1317 2257 lir-

295 2296 348 2351 tur,
366 2287 459 2354 quaudo
476 2292 501 2339 in
518 2286 593 2340 altera
611 2292 682 2343 buius
699 2297 790 2362 Episto·
822 2297 918 2364 gibonis
939 2297 1127 2346 illustraverunt.
1149 2297 1237 2344 Acron:
1264 2294 1318 2342 »tte

294 2373 332 2429 las
350 2375 453 2425 editione
470 2393 551 2428 versus
574 2381 620 2428 130
636 2397 672 2446 sq.
693 2380 741 2430 bne
757 2364 794 2431 re-
825 2384 938 2449 l'irgilius
959 2385 984 2432 in
1005 2401 1066 2433 nouo
1085 2392 1182 2446 namet,
1206 2385 1232 2432 iu
1247 2382 1318 2431 Italis

294 2471 406 2526 traxero,
422 2466 457 2513 ita
473 2476 501 2513 ut
518 2463 563 2513 boe
579 2464 648 2514 modo
662 2468 791 2532 coniunga-
822 2470 870 2518 iam
878 2471 1055 2534 positotenee,
1064 2467 1318 2533 quomodosabriratae

294 2557 347 2596 tur:
378 2549 482 2598 Ordinis
503 2551 561 2599 baec
582 2552 666 2602 uirtus
689 2555 742 2600 erit
763 2561 791 2601 et
822 2564 878 2603 sunt
894 2571 978 2618 naves,
991 2553 1079 2632 quibps
1094 2553 1124 2602 de
1138 2553 1182 2602 Ilio
1197 2555 1318 2620 navigavit

293 2649 384 2699 uenus,
401 2643 447 2683 aut
459 2636 603 2702 egesallar,
620 2637 652 2684 tu
664 2638 716 2686 iaus
727 2654 792 2687 nurse
822 2640 924 2701 deneas,
946 2654 1000 2687 eum
1020 2638 1047 2686 in
1068 2638 1140 2685 tertio
1160 2654 1208 2685 uon
1226 2637 1318 2687 dirat.”

293 2720 376 2784 dieat,
393 2723 445 2769 iam
457 2738 521 2770 nuuc
536 2722 650 2770 debentia
665 2723 719 2771 atet
734 2724 792 2772 Ple·
822 2725 1006 2774 Commentators
1024 2725 1078 2770 »tte
1090 2723 1202 2788 Virgilius
1215 2725 1318 2789 primum

294 2821 370 2870 rath
380 2807 503 2871 diffluat,
520 2816 546 2857 et
553 2819 673 2874 praecem
687 2813 716 2859 iu
732 2819 792 2860 tem-
824 2812 951 2876 describit,
974 2811 1079 2878 qualiter
1094 2811 1184 2859 Aeneas
1200 2809 1230 2858 ad
1248 2808 1320 2858 Dido·

293 2909 345 2962 pus
361 2896 473 2945 osuittat.
500 2895 553 2944 Nee
568 2899 607 2945 sie
620 2899 740 2961 ium‘pt'es,
762 2907 792 2947 ut
824 2916 878 2948 nem
894 2901 974 2961 veuit,
991 2908 1016 2946 et
1029 2899 1199 2963 praetermittit
1214 2913 1268 2945 snos
1281 2913 1319 2946 ca·

297 2983 406 3046 sempter
423 2983 523 3047 Cyclim
538 2985 597 3031 olim
609 2999 644 3049 sq.
667 2982 733 3048 Quod
747 2985 794 3032 Hc·
825 3003 865 3036 sus
882 2996 906 3034 et
922 2984 1041 3034 excidium
1056 2984 1149 3047 Troiae,
1163 2983 1226 3049 quod
1237 2993 1319 3050 postes

296 3072 374 3120 ratius
386 3069 426 3119 bic
439 3072 571 3136 generatim
584 3070 643 3119 dicit
653 3070 682 3119 de
696 3071 792 3135 ordine,
826 3082 905 3121 tamen
920 3074 978 3121 satis
993 3070 1125 3122 declarata
1156 3071 1235 3133 Haec,
1256 3085 1318 3135 quae

298 3173 353 3208 mox
375 3159 499 3222 speciatim
522 3158 630 3223 exemplo
651 3158 746 3207 Homeri
763 3159 794 3210 il·
825 3158 959 3224 disputavi,
982 3160 1003 3207 si
1024 3175 1081 3208 vera
1104 3166 1174 3218 sunt,
1198 3155 1248 3221 legi
1262 3155 1318 3206 'non

297 3241 400 3304 lustrat,
423 3244 466 3308 qui
487 3241 578 3292 bellum
599 3243 723 3292 Troianum
749 3244 797 3293 sion
829 3252 919 3310 potest:
932 3245 1101 3293 etiamnunc
1114 3227 1319 3293 dicatiaeumiuc

296 3327 329 3378 ab
348 3346 391 3377 ovo
408 3331 502 3395 gemino
517 3329 623 3395 orditur,
640 3330 682 3380 sed
698 3329 792 3384 audito-
823 3323 938 3377 &lautia
950 3329 1010 3377 atei.
1024 3329 1151 3391 Homerus,
1168 3343 1268 3392 eumque
1282 3343 1319 3375 sen

299 3431 351 3466 rem
374 3418 400 3465 iu
422 3434 460 3466 res
479 3417 585 3481 medias,
610 3435 657 3468 non
679 3435 746 3468 secus
767 3435 795 3466 ac
826 3425 897 3464 cutus
925 3416 1054 3482 Virgilius,
1086 3417 1130 3483 qui
1160 3417 1185 3464 in
1214 3412 1319 3463 Aeneide

299 3487 385 3568 notas,
407 3503 483 3553 ducit.
517 3505 595 3571 itque
615 3505 738 3553 Horatium
760 3505 796 3552 iu-
828 3502 963 3569 exetuplum
975 3503 1070 3551 Homeri
1085 3504 1180 3564 sanxit,
1199 3500 1263 3549 bunc
1278 3517 1321 3549 or-

302 3594 385 3658 primis
412 3602 519 3658 spectare
551 3593 647 3641 initium
672 3593 794 3655 carminis,
828 3590 907 3639 dinem
920 3607 967 3640 nun
980 3600 1120 3640 tenuerunt:
1135 3591 1183 3639 imo
1193 3588 1319 3651 dixerunt,

302 3680 375 3728 etiam
388 3678 445 3727 binc
461 3689 573 3744 apparet,
590 3680 653 3746 quod
665 3682 795 3730 materiem
827 3679 932 3730 nendum
948 3679 1001 3726 dici
1016 3679 1143 3726 debentia:
1158 3676 1278 3743 iidemque
1293 3679 1321 3726 in

299 3766 434 3830 praemisit.
452 3767 550 3813 Sumite
562 3768 690 3814 materiem
702 3766 797 3816 uestris
825 3764 883 3818 ‚aliis
895 3765 1004 3813 materiei
1015 3762 1123 3830 partibus
1135 3781 1204 3831 saepe
1219 3763 1322 3813 eundem

303 3853 401 3901 uiribus
416 3867 524 3916 aequam.
543 3851 588 3901 Ubi
601 3853 674 3902 talem
689 3853 799 3901 sumseri-
830 3867 918 3904 morem
942 3861 1078 3901 tenuerunt.
1107 3851 1262 3901 sitiendus
1285 3853 1322 3901 itt

304 3938 350 4000 tis,
366 3936 423 3985 orda
439 3954 480 3986 vos
494 3955 541 3988 nou
558 3937 658 3986 deseret„
675 3936 735 3986 Ordo
751 3939 798 3986 erit
829 3939 975 4003 scripsisset,
993 3936 1095 3987 dedisset
1110 3949 1262 4005 praeceptum
1274 3937 1322 3986 Ho-

304 4039 352 4072 non
367 4023 506 4089 historicus,
524 4036 552 4075 ut
569 4026 681 4092 temporis
695 4027 797 4074 notatio·
828 4042 893 4074 mero
914 4035 939 4074 et
950 4025 1049 4092 Virgilio
1064 4028 1214 4076 conuarium.
1239 4024 1320 4090 Neque

305 4125 362 4158 nem
385 4121 494 4161 scemate
518 4111 660 4170 observetis3
683 4113 718 4161 sic
736 4112 800 4160 enirn
831 4110 1013 4174 Bentleiauum,
1033 4119 1064 4160 ut
1082 4115 1134 4162 iam
1151 4128 1214 4161 nune
1235 4111 1320 4173 disat,

305 4212 401 4248 carmen
421 4198 465 4247 fiet
483 4198 583 4250 historia
603 4200 629 4248 in
644 4208 746 4248 metrum
761 4213 798 4247 re·
829 4197 933 4246 noudum
947 4198 1062 4247 debentia
1075 4200 1129 4248 diei
1141 4200 1260 4262 Pleraque
1271 4197 1321 4258 das·
