3009 5000
305 474 345 536 76
570 479 782 587 uolatu
814 477 1056 538 EPISTOLA

334 678 402 767 Qui
425 702 534 751 mores
556 680 730 751 hominum
752 678 938 750 multorum
964 677 1047 748 vidit
1070 686 1105 749 et
1129 677 1239 749 urbes.

303 917 334 950 ru
350 903 453 966 Troiae,
476 920 554 970 neque
567 913 652 970 eaptus
661 910 721 969 post
735 917 796 951 moe·
829 904 948 960 Priamus
959 905 1096 952 novissim
1110 905 1199 951 Troiae
1209 905 1327 965 Tempora

302 990 348 1036 aia
364 991 468 1052 Troiae,
489 1007 566 1057 neque
583 998 668 1055 captae
681 996 741 1053 post
749 989 796 1048 fu·
828 990 945 1038 sortitas.
974 989 1039 1038 Idem
1063 991 1156 1038 Metam.
1180 989 1245 1049 tul,
1270 989 1326 1036 365.

300 1077 652 1140 neraTroiaererumputem,
667 1072 796 1122 hashabeo
829 1075 948 1122 Forsitan
972 1083 998 1123 et
1019 1077 1109 1140 Pylias
1131 1077 1200 1122 eitra
1221 1075 1329 1122 Troiana

301 1175 401 1210 summm.
423 1162 532 1211 Horatius
544 1178 573 1209 ex
586 1161 683 1207 Homero
700 1157 796 1207 demon·
822 1162 936 1224 perisset
953 1164 1078 1225 Tempora.
1100 1159 1205 1209 Velleius
1218 1160 1327 1209 Patercu-
1344 1212 1351 1227 ρ

301 1255 376 1310 strat,
403 1247 473 1313 quale
498 1262 546 1294 esse
567 1242 653 1292 debeat
677 1260 746 1309 grave
772 1255 797 1292 et
829 1246 868 1294 lus
882 1247 908 1309 l,
921 1249 946 1295 3.
963 1248 1044 1295 Iliaca
1059 1253 1329 1311 cataparteatestempo-

300 1332 402 1397 simplex
412 1333 519 1380 carmina
530 1331 591 1394 epici
604 1328 733 1378 exordium.
750 1329 797 1378 Ho·
828 1346 866 1380 ra.
881 1331 923 1380 ubi
931 1332 1001 1397 plura
1007 1318 1157 1397 interpretes.
1174 1333 1203 1379 Et
1214 1332 1249 1378 sic
1257 1332 1329 1394 Quiu-

300 1433 392 1479 merus,
416 1426 444 1464 ut
468 1419 501 1465 ait
516 1414 615 1479 Quintil.
637 1415 715 1464 Instit.
732 1415 795 1465 Orat.
830 1416 868 1465 til.
877 1418 983 1479 x11,1a.
1002 1419 1076 1466 Circa
1085 1418 1261 1480 Peloponnesia
1270 1424 1329 1464 tem·

297 1503 421 1565 x,‚1.in
435 1504 566 1564 utriusque
582 1503 663 1564 aperis
675 1503 793 1566 ingressa
821 1518 893 1566 pora.
916 1501 1011 1552 Ovidius
1030 1504 1125 1551 Metam.
1139 1502 1192 1564 xl,
1204 1503 1260 1550 160.
1284 1503 1329 1567 Py·

297 1590 327 1635 ia
347 1588 508 1651 pauaissimis
525 1588 637 1635 versibus
652 1589 796 1652 begempro-
828 1587 951 1654 thagoram
976 1590 1035 1638 facit
1055 1598 1202 1637 manantem:
1224 1589 1329 1635 Traiani

300 1675 442 1735 oemiorum,
460 1689 508 1720 aaa
522 1672 590 1735 dieo,
612 1675 737 1736 servavit,
755 1675 799 1722 sed
832 1682 937 1738 tempore
948 1676 1007 1723 belii
1019 1675 1170 1723 Panthoides
1182 1674 1329 1738 Euphorbus

300 1761 442 1809 contituit.
466 1758 576 1806 Horatius
590 1760 699 1824 exemplo
712 1776 798 1825 propo·
830 1776 904 1809 eram
927 1760 973 1809 Sed
986 1771 1021 1809 est
1036 1760 1137 1826 simplex
1149 1761 1269 1808 namatio:
1289 1769 1326 1821 et,

303 1847 341 1894 uit
357 1846 533 1910 primusversus
546 1843 672 1911 Odysseae:
689 1842 800 1910 ’Ἄνδρα
832 1855 860 1893 ut
886 1846 997 1911 Virgilius
1023 1848 1049 1894 in
1072 1846 1190 1911 principio
1213 1844 1328 1897 aeneides

298 1950 343 1992 μοι
368 1929 461 1980 ἔννεπε
487 1927 794 1996 Μοῦσο·πολὺτρονοον,
828 1947 949 1997 nunquam
967 1930 1082 1980 dixisset:
1100 1932 1178 1979 Arma
1200 1932 1328 1992 uirumque

299 1998 328 2073 bc
344 2015 416 2075 μάλα
438 2014 527 2064 πολλὰ
549 2014 710 2080 Πλάγχθη,
737 2016 798 2066 ἐπεὶ
832 2032 904 2078 sama,
921 2024 1006 2081 captae
1014 2018 1329 2081 posttemporaTraiae*

299 2100 397 2167 Τροίης
413 2100 487 2167 ἱερὸν
495 2101 662 2168 πτολίεθρον
671 2100 793 2167 ἔπερσεν.
827 2103 861 2150 sic
881 2102 992 2150 Horatius
1006 2119 1100 2150 versum
1112 2102 1275 2164 Homericum,
1292 2103 1328 2150 ita

297 2184 414 2236 Πολλῶν
427 2184 454 2236 δ’
470 2186 620 2254 ἀνθρώπων
632 2186 697 2236 'ider
708 2186 794 2237 ἄστεα
826 2187 963 2251 redditum,
981 2188 1084 2255 exempli
1100 2190 1189 2250 instar,
1212 2203 1328 2235 commen·

297 2273 343 2322 aab
360 2273 422 2324 νόον
439 2271 513 2336 ἔγνω.
539 2273 583 2322 Hie
603 2272 676 2322 rerba
695 2273 794 2340 Τροίης
826 2272 882 2324 dare
906 2291 953 2323 non
977 2276 1065 2340 potuit.
1083 2275 1112 2323 Ut
1137 2281 1197 2338 past
1221 2280 1329 2337 tempora

296 2358 370 2426 ἱερὸν
383 2357 549 2426 πτολίεθρον
562 2357 675 2426 irrepere
687 2359 793 2410 conside-
824 2368 911 2424 captae
935 2362 1041 2425 Troiae,
1072 2361 1143 2420 μετὰ
1170 2359 1235 2417 τούς
1261 2358 1328 2425 χρό-

295 2444 368 2494 randa
392 2455 454 2493 sunt.
471 2445 549 2494 Oratio
570 2446 688 2512 simplex,
713 2455 793 2494 tamen
825 2464 886 2503 νους
918 2449 968 2511 τῆς
1003 2445 1101 2512 Τροίης
1133 2443 1267 2503 ἁλώσεως,
1301 2446 1328 2492 in

296 2533 397 2598 poetica.
418 2532 527 2580 Horatius
542 2534 568 2580 in
582 2533 655 2596 Epist.
669 2534 693 2594 1,
709 2545 742 2594 11,
760 2534 792 2581 19
825 2531 920 2581 exordio
944 2533 1053 2580 cumina
1074 2532 1138 2596 epiei
1157 2533 1228 2579 nimis
1249 2529 1329 2581 humi·

295 2616 398 2666 reddidit
422 2617 544 2683 eleganter
569 2617 675 2665 doraitor
692 2617 789 2666 Troiae.
823 2616 847 2664 le
864 2615 972 2679 videtur,
994 2620 1029 2666 ita
1045 2623 1106 2681 pest
1120 2615 1217 2675 sursera
1228 2633 1276 2665 nou
1292 2633 1328 2666 aa·

294 2701 361 2751 Nunc
377 2701 506 2751 reddidisse
520 2710 605 2768 raptae
613 2710 675 2767 post
683 2710 793 2767 ternpore
825 2704 857 2751 tis
892 2700 1039 2768 modestum
1071 2708 1131 2765 post
1162 2703 1258 2750 moenia
1289 2718 1329 2751 oa·

297 2790 400 2853 Troiae,
422 2806 469 2837 non
492 2799 527 2837 est
551 2787 674 2837 credibile.
699 2787 798 2837 Videtur
825 2795 887 2853 ptae
912 2789 1003 2835 Troiae
1025 2796 1106 2836 autem
1129 2786 1203 2835 habet
1227 2789 1253 2836 in
1276 2788 1329 2853 ipsa

296 2876 359 2924 enim
374 2876 444 2922 nimis
461 2873 552 2922 humile
570 2877 595 2923 in
612 2872 720 2932 exordi03
738 2875 796 2940 quia
829 2871 924 2922 dicendi
940 2873 1043 2921 formula
1063 2872 1157 2938 aliquid
1172 2873 1325 2935 affectatum,

295 2960 358 3010 idem
373 2961 507 3025 significat,
524 2976 551 3008 ao
563 2962 586 3009 si
599 2960 721 3026 legeretur
732 2967 792 3024 post
825 2968 850 3007 et
870 2974 917 3025 quo
940 2962 1090 3008 recentiores.
1106 2961 1233 3025 scriptores
1254 2959 1328 3024 magis

295 3046 361 3094 iliud
373 3053 481 3108 tempus,
498 3061 545 3110 quo
559 3045 650 3093 Troiam
667 3046 739 3110 oepit.
756 3046 793 3092 lta
822 3043 956 3094 delectatos
973 3046 1083 3109 invenio,
1113 3061 1184 3112 quam
1204 3046 1327 3093 Horatium

292 3113 371 3196 sieque
391 3130 493 3179 Graecus
511 3132 635 3196 qttisquam
655 3147 731 3195 neque
747 3130 793 3177 Ro-
826 3140 851 3179 et
874 3132 992 3196 antiquos.
1009 3130 1035 3180 Si
1052 3129 1152 3180 verbum
1169 3147 1287 3196 apponas,
1305 3146 1326 3178 e.

292 3231 375 3264 manus
391 3233 484 3265 carmen
500 3216 626 3266 ordiretur.
639 3216 734 3265 Ferrem
740 3232 792 3266 mo.
825 3234 846 3265 o.
862 3224 923 3280 post
942 3231 1028 3265 eversa
1047 3219 1138 3265 Troiae
1150 3218 1247 3284 moenia
1258 3229 1327 3263 nemo

291 3317 377 3350 sueres
396 3309 456 3366 post
476 3309 585 3365 tempora
609 3302 712 3349 Troiae:
737 3318 792 3350 nam
825 3300 967 3350 offenditur:
985 3302 1101 3365 ridicas,
1121 3302 1328 3367 Ulysseserraoit

291 3395 400 3451 tempera
425 3389 513 3448 Troiae
529 3394 555 3434 et
571 3387 680 3434 Troiana
698 3387 789 3453 signifi·
817 3394 877 3451 post
895 3390 992 3436 moenia
1014 3390 1102 3437 Troiae
1125 3400 1237 3447 euersae,
1258 3384 1327 3435 intla-

292 3482 346 3521 oant
367 3490 405 3521 res
416 3472 541 3534 Troianas,
557 3472 666 3537 inprimis
679 3471 791 3535 ultimas,
825 3482 876 3520 tum
893 3471 984 3523 dixisti.
1003 3475 1080 3539 Atque
1100 3472 1144 3524 hoe
1161 3468 1275 3536 loquendi
1287 3486 1328 3536 ge-

294 3556 364 3606 duras
384 3557 439 3607 illas
460 3567 485 3605 et
506 3557 670 3622 calamitosas,
687 3568 793 3624 tempora
826 3575 871 3607 nus
885 3559 1007 3608 illustravi
1024 3559 1055 3607 ad
1069 3558 1192 3609 Horatium
1206 3556 1282 3605 Garm.
1301 3557 1326 3619 l,

295 3643 404 3691 diuturni
416 3642 478 3691 belli
491 3653 515 3691 et
531 3641 615 3691 urbem
634 3653 735 3708 captam.
757 3643 793 3692 ci·
826 3647 865 3693 18.
891 3645 984 3694 Placuit
1004 3644 1115 3707 inprimis
1127 3643 1235 3704 Lucano,
1253 3641 1328 3691 Sene-

296 3744 349 3777 oero
370 3730 396 3777 in
410 3730 482 3777 Bruto
496 3732 535 3777 10.
561 3729 646 3793 Neque
662 3732 728 3777 emim
743 3731 796 3776 iam
828 3732 877 3794 eis,
893 3730 985 3780 Valerio
995 3729 1084 3792 Flapco.
1099 3728 1262 3777 Seneeaflerr.
1275 3729 1326 3778 Oet.

294 3816 394 3863 Troicis
418 3816 565 3879 temporibus
587 3822 685 3863 tamtam
707 3816 792 3863 laudis
825 3818 863 3865 79.
907 3817 969 3863 Post
984 3815 1073 3877 seras,
1091 3821 1151 3878 post
1176 3815 1253 3879 beHa,
1268 3822 1328 3880 past

293 3901 436 3949 indicatio
454 3902 537 3965 Ulyssi
555 3902 687 3949 tribuisset
708 3901 795 3949 Horae-
828 3902 1043 3967 Stygiumoaasm
1057 3903 1327 3967 agamemn.190.post

294 4000 347 4034 rus.
356 3987 408 4051 lpse
417 3986 526 4035 Horatius
533 3985 607 4035 Germ.
617 3987 690 4049 has.
706 3986 794 4043 amm·
828 3994 927 4050 tropaea
941 3987 1038 4035 Troiae.
1053 3987 1126 4052 Epist.
1136 3990 1191 4037 119.
1206 3988 1269 4036 Post
1275 3988 1325 4035 aa·

295 4072 337 4119 vis
356 4073 438 4136 clypeo
453 4075 570 4136 Troiana
585 4073 662 4132 restae
679 4073 796 4135 Tempora
828 4074 895 4119 rium
918 4079 945 4119 et
959 4072 1033 4121 Iasios
1045 4088 1141 4137 pauper
1161 4080 1201 4121 est
1215 4073 1326 4130 Aleuas·

296 4163 413 4205 testatas.
442 4155 537 4206 Ovidius
554 4157 647 4205 Metam.
666 4157 711 4218 XI,
737 4158 793 4205 758.
827 4159 878 4207 der.
892 4156 949 4206 tide
962 4157 1254 4219 CurtiumadLucauiV,
1267 4157 1324 4205 474.
