3009 5000
297 467 356 531 108
562 470 774 533 HORATII
804 468 1049 530 EPISTULA

321 671 361 742 In
382 658 518 744 soonam
538 673 656 743 missos
680 695 758 742 cum
783 695 905 766 magno
928 671 1076 769 pondere
1101 694 1235 762 versuo,

289 896 345 946 eodo
367 897 471 947 eomodo
501 896 601 945 dederet
625 904 671 946 aot
696 901 786 959 quarto
818 910 862 943 eno
876 895 981 943 erimine
998 909 1084 960 operae
1098 895 1316 960 eelerioetoegli-

288 989 398 1030 sextove,
412 983 513 1031 Sodhie
526 983 593 1030 etin
608 979 713 1047 Accieq.
730 980 787 1028 dni-
815 981 910 1045 gontio.
935 981 971 1028 An
991 996 1077 1029 versuo
1095 997 1120 1029 se
1141 981 1189 1046 ipsi
1204 981 1313 1042 iaciunt,

288 1066 408 1116 madverte
421 1066 786 1116 inSOCIiLlTERetSEXTiYE
819 1061 934 1113 et‘metri
956 1082 1034 1113 euram
1055 1065 1158 1125 habent;
1181 1067 1314 1114 nocrimen
1396 1078 1401 1084 ·

288 1152 341 1201 SED
350 1170 399 1202 esse
408 1153 508 1202 eundem
516 1153 639 1203 literarum
647 1169 783 1210 numerum
817 1154 923 1200 incuriae
939 1152 1010 1216 ipsis,
1032 1168 1079 1199 non
1092 1153 1183 1200 auctori
1199 1152 1315 1216 impinga-

288 1238 431 1306 atqueil-lud
443 1237 579 1290 adverbium
595 1239 724 1286 socialiter
735 1238 788 1286 lon·
819 1238 877 1287 tur?
900 1238 998 1286 lomim
1013 1254 1082 1300 vero,
1103 1239 1200 1303 inquit,
1216 1244 1315 1286 uomooot

287 1325 411 1391 gemelius
427 1322 508 1387 abest,
525 1340 577 1372 oum
586 1313 728 1389 praecedant
737 1322 784 1371 duo
816 1338 902 1371 vereris
922 1340 976 1371 crem
991 1339 1078 1388 magno
1088 1324 1196 1387 peredere
1211 1325 1315 1370 missos:

222 1393 227 1401 .
287 1409 405 1460 adiectiva
434 1408 497 1457 idem
521 1409 694 1475 significantia3
726 1424 787 1475 quae
820 1407 948 1474 quomodo,
965 1396 1084 1471 sodomis
1099 1418 1192 1456 accusat
1208 1418 1250 1457 aut
1266 1409 1316 1456 ori·

286 1496 308 1544 oi
318 1497 344 1543 in
356 1492 468 1543 adverbia
480 1504 570 1557 mutes,
584 1505 612 1542 nt
621 1494 727 1560 vulgario
739 1494 787 1543 lin-
817 1496 884 1542 mine
891 1496 1001 1558 premit,
1012 1495 1055 1560 qui
1067 1510 1113 1542 non
1123 1491 1315 1558 apparot?Haeo

287 1597 347 1647 guae
363 1564 425 1628 ratio
441 1579 577 1645 postulabat
590 1582 691 1643 mutari,
709 1591 734 1629 et
747 1597 785 1628 eo-
818 1589 842 1628 et
858 1581 884 1628 in
899 1579 996 1645 vulgata
1010 1590 1034 1627 et
1049 1581 1075 1628 in
1091 1580 1216 1628 Heinsiana
1232 1579 1316 1628 distin-

287 1665 384 1732 gitando
397 1664 523 1715 efferamur
536 1676 656 1732 tamquam
669 1683 697 1715 ea
710 1676 788 1715 essent
819 1668 896 1715 ctione
909 1666 969 1714 vitia
984 1675 1052 1724 sunt;
1070 1664 1151 1733 qualia
1163 1664 1259 1731 quidem
1271 1681 1316 1714 nec

292 1750 417 1815 adverbia,
434 1750 533 1801 habebis
548 1752 678 1815 omnmode,
687 1755 793 1817 potiere*
821 1750 918 1800 defendi
925 1768 969 1809 neo
978 1752 1084 1801 excusari
1095 1759 1199 1816 possunt.
1212 1751 1247 1800 Tu
1259 1767 1315 1799 vero

287 1845 340 1901 tor,
353 1838 489 1886 socialiter.
504 1839 535 1886 Ee
553 1848 588 1886 est
601 1836 714 1886 bonitatis
726 1840 785 1886 iam·
816 1854 908 1885 mecum
924 1836 976 1902 lege
994 1845 1018 1884 ot
1032 1836 1164 1901 distingue:
1181 1838 1232 1884 Ilio
1245 1843 1271 1887 et
1285 1837 1316 1883 in

287 1922 356 1972 boiae
372 1925 445 1971 nimie
461 1922 575 1972 laudatio.
818 1920 879 1973 Aeci
903 1922 1034 1973 Nobilibus
1066 1923 1192 1970 trimetris
1212 1929 1316 1986 oprooret

318 2011 350 2058 In
378 2025 474 2057 ocenum
502 2011 591 2057 mioooo
620 2024 710 2073 magno
732 2023 787 2055 oum
818 2024 892 2055 rarus
915 2014 941 2054 et
965 2007 1042 2056 Enni.
1065 2008 1096 2056 Io
1111 2024 1210 2055 mortam
1222 2010 1315 2056 mistus

282 2095 389 2159 pondere
410 2109 503 2142 verrere
524 2094 567 2142 Hic
590 2093 672 2156 locus,
697 2094 788 2158 siquis
819 2109 872 2141 eroon
887 2094 1087 2158 mugnopoodore
1102 2110 1187 2142 oeroue
1198 2094 1316 2157 Antapo-

286 2179 349 2229 aliue
360 2180 386 2227 in
399 2177 444 2227 hoc
458 2188 568 2242 auctore,
584 2195 630 2227 non
640 2189 741 2244 parum,
758 2189 786 2226 nt
818 2194 861 2228 rae
871 2180 978 2227 nimirem
990 2181 1079 2227 oeierio
1090 2196 1125 2245 oq.
1139 2180 1195 2227 Cum
1207 2177 1315 2243 Iambus,

287 2267 323 2315 ait
338 2266 404 2332 ipre,
421 2265 448 2314 D.
462 2265 584 2313 Heinsium
599 2265 718 2313 exercuit:
736 2262 787 2314 Hic
819 2265 916 2330 inquit,
938 2282 968 2314 ex
989 2266 1048 2313 artie
1066 2275 1091 2314 et
1106 2266 1208 2314 mnoicae
1224 2266 1315 2314 ratione

286 2360 313 2401 et
329 2353 361 2400 in
375 2349 439 2400 Aooi
453 2352 576 2399 nobilibus
598 2352 725 2399 trimetria
740 2367 784 2415 ap-
815 2360 854 2399 τοι
868 2353 894 2399 iu
918 2368 1059 2417 unoquoque
1080 2353 1187 2400 trimetro
1202 2367 1315 2417 apparere

281 2446 359 2505 paret
381 2418 455 2487 rareio
479 2445 506 2486 et
531 2434 610 2485 Enni,
638 2439 670 2486 In
690 2453 787 2485 oeream
818 2435 918 2500 debeat,
932 2437 1073 2485 iuoeeunda
1085 2437 1178 2485 scilicet
1194 2447 1219 2485 et
1231 2445 1315 2503 quarta

285 2527 376 2573 missos
393 2540 482 2589 magno
496 2539 551 2572 eum
561 2523 670 2587 pondero
685 2538 784 2584 verona,
818 2532 843 2571 et
858 2533 925 2570 sexta
940 2522 1008 2581 sede;
1026 2522 1184 2589 neglexerunt
1200 2523 1245 2571 hoo
1260 2541 1316 2590 poe-

286 2610 340 2660 Aoo
356 2624 441 2672 operae
456 2609 562 2656 nimium
578 2609 666 2658 oeiorio
681 2622 785 2671 eoroquo
818 2616 856 2656 tae
869 2616 962 2656 veteres
974 2608 1071 2671 decius,
1083 2610 1170 2657 Ennius
1180 2610 1299 2675 ceterique
1304 2626 1312 2668 ;

286 2695 410 2756 carentia,
426 2694 480 2743 Aut
491 2695 622 2760 ignoratae
633 2695 729 2758 premit
747 2709 788 2741 ar·
820 2695 926 2743 contenti
947 2695 1009 2742 enim
1032 2704 1126 2743 sextum
1147 2694 1215 2745 modo
1231 2694 1315 2762 pedem

287 2781 326 2829 tio
340 2781 446 2828 erimine
462 2781 540 2844 turpi.
560 2779 618 2828 Rem
632 2778 727 2828 tandem
744 2797 785 2828 ex·
816 2778 921 2828 iambum
934 2780 1012 2829 faeere
1026 2778 1086 2844 (sine
1100 2798 1147 2848 quo
1163 2781 1256 2832 nullum
1262 2791 1316 2830 ter·

288 2865 370 2933 pedire
386 2864 433 2914 sibi
448 2867 511 2914 visus
528 2876 576 2929 est,
597 2875 689 2915 mutata
705 2865 788 2915 dietin-
819 2882 859 2914 eus
879 2866 1005 2932 vestigium
1030 2867 1100 2931 esset)
1120 2870 1146 2917 in
1162 2869 1251 2917 ceteris.
1266 2884 1316 2916 sus·

288 2954 381 3016 ctione,
404 2960 506 3018 apparet
519 2967 607 3001 ramos:
631 2959 657 3000 et
673 2950 744 3000 Enni
758 2953 790 3001 Io
821 2968 867 3018 qne
882 2950 957 3019 dequo
975 2951 1126 3002 habuerunt:
1139 2952 1202 3003 'adeo
1217 2963 1246 3003 ut
1258 2954 1315 3002 ium·

288 3054 385 3089 menam
399 3041 490 3088 mieooe
506 3055 595 3105 magno
613 3054 667 3085 com
678 3038 788 3102 pondero
817 3037 861 3087 bue
876 3049 942 3087 extra
954 3037 1039 3105 pedem
1049 3039 1161 3088 ultimum
1173 3057 1239 3088 rarus
1252 3037 1315 3105 apud

287 3141 322 3191 eq.
347 3125 394 3190 Ego
415 3142 485 3189 vero,
506 3123 565 3192 quid
584 3126 671 3190 prosit,
693 3134 736 3172 aut
757 3134 786 3172 ut
818 3124 874 3173 illos
889 3135 1009 3190 appareat.
1034 3125 1073 3174 Sic
1091 3128 1118 3175 in
1135 3125 1173 3175 his
1188 3127 1258 3175 Ennii
1272 3126 1316 3174 Ac-

286 3208 405 3259 lab0ranti
420 3211 472 3259 loeo
488 3208 610 3260 medeatur
625 3209 685 3258 haec
701 3208 785 3259 distin·
817 3211 896 3275 oiique
917 3210 981 3275 apud
1002 3210 1148 3260 Ciceronem:
1169 3212 1252 3278 Argo,
1268 3227 1316 3275 quo

288 3296 353 3358 ctio,
369 3294 451 3344 nullus
463 3295 540 3345 video.
563 3297 632 3362 Ligat
648 3295 744 3362 quidem
760 3305 785 3343 et
818 3297 884 3343 oooti
906 3296 1109 3362 Argioistolooti
1128 3299 1196 3345 oiri:
1219 3298 1316 3346 Colchis

287 3367 451 3446 coagmentat⁴
472 3383 619 3445 orationem,
650 3381 787 3430 dissolutam
819 3382 923 3445 imperio
950 3384 1020 3448 regie
1042 3385 1129 3432 Peliae
1147 3398 1195 3446 per
1218 3382 1316 3432 dolum:

287 3466 395 3533 alioquin
409 3475 434 3514 et
447 3464 566 3515 hiantem:
583 3468 657 3532 ipsam
669 3484 725 3516 vero
739 3467 787 3516 dir-
819 3468 985 3516 Fromeionda
1000 3484 1032 3517 oe
1046 3471 1098 3518 olto
1112 3469 1216 3533 ingenti
1230 3471 1316 3519 sonitu

287 3553 420 3602 ficultatem
441 3553 556 3601 intactam
575 3552 699 3620 relinquit.
720 3554 785 3615 Ilio,
818 3559 844 3600 et
867 3555 977 3617 spiritu:
998 3555 1040 3603 Ita
1066 3554 1123 3604 dom
1145 3555 1315 3619 interruptum

286 3641 381 3705 inquit,
397 3653 470 3686 ramo
486 3645 590 3702 apparet
604 3640 634 3687 in
648 3639 722 3688 Aooii
737 3640 786 3686 tri·
817 3639 902 3687 eredas
917 3641 1025 3688 niarium
1040 3641 1147 3688 volvier:
1161 3641 1188 3688 in
1210 3638 1260 3703 hio,
1278 3641 1315 3690 in-

286 3726 395 3785 metoio,·
427 3731 454 3771 et
474 3725 570 3787 proruit
594 3739 679 3773 ooroooe
703 3723 786 3771 Ennii
818 3740 902 3790 mam,
924 3722 1032 3774 omnibus
1053 3723 1134 3773 nullus
1154 3735 1190 3774 est
1206 3725 1314 3789 Iambus,

287 3811 392 3860 emmim
408 3811 539 3875 ignoratae
560 3810 635 3859 artie.
657 3808 718 3873 Quid
733 3825 787 3857 nar-
818 3820 984 3876 praeterquam
1000 3810 1025 3856 in
1041 3808 1092 3857 loeo
1108 3820 1189 3875 sexto,
1210 3812 1257 3875 it,
1278 3813 1315 3860 iu·

286 3897 343 3946 rm?
358 3897 394 3945 An
407 3910 492 3944 vermos
504 3904 547 3945 aut
559 3897 652 3958 emunt,
663 3904 706 3944 aut
718 3897 785 3962 igno·
817 3899 870 3963 quit
885 3896 981 3958 Noster,
995 3894 1131 3946 huiusmodi
1147 3914 1244 3962 verere,
1259 3914 1314 3947 oum

269 3991 343 4032 ‚rent
362 3992 438 4031 artem
453 3982 590 4032 metricam?
610 3983 667 4046 Quin
682 3983 718 4031 ita
733 3998 785 4031 oen·
815 3997 905 4048 ooogno
916 3979 1072 4046 spondeorum
1084 3983 1122 4031 vel
1135 3994 1313 4050 anapaestornm

286 4068 337 4130 eit,
359 4070 412 4134 quio
433 4084 537 4135 unquam
560 4070 594 4118 eie
614 4067 708 4118 loeutus
732 4068 786 4118 eet?
812 4068 919 4134 pondero
938 4068 969 4115 in
985 4083 1082 4116 soonam
1098 4071 1207 4132 miserto,
1216 4070 1313 4135 promit

286 4150 353 4203 lllnd
367 4168 460 4219 qnoque
476 4153 547 4220 quale
560 4155 614 4206 ertl>
624 4156 721 4221 promit
732 4170 785 4204 oer-
816 4156 954 4220 scriptorem
968 4164 1010 4202 aut
1025 4154 1131 4205 incuriae
1144 4156 1253 4219 erimine,
1269 4163 1313 4203 ant
