3009 5000
295 454 353 515 118
555 452 766 513 llOllA'lll
797 452 1040 513 EPISTULA

326 656 381 726 Nil
404 657 604 725 intentatum
626 654 732 723 noetn'
756 652 884 745 liquere
902 663 1035 748 poetae:

324 774 392 844 Nec
414 773 590 843 minimum
613 795 766 842 meruere
785 769 908 861 decus,
928 774 1067 866 'vestigia
1091 775 1217 845 Graeca

325 891 409 961 Ausi
429 890 577 962 deserere
600 900 635 961 et
655 888 824 960 celebrare
850 888 1031 961 domestica
1054 891 1156 978 lueta3

327 1008 388 1079 Vel
410 1010 470 1102 qui
496 1017 700 1104 praetextae,
726 1007 780 1078 vel
799 1010 857 1100 qui
886 1006 1030 1079 docuere
1052 1017 1191 1103 togatas.

327 1127 395 1197 Nec
417 1128 540 1198 virtute
560 1126 646 1196 foret
668 1125 808 1195 clarisve
833 1126 1003 1219 potentiue
1028 1128 1128 1197 armis

325 1245 434 1333 Quam
457 1246 572 1338 lingua
599 1242 749 1332 Latium,
775 1244 802 1313 si
827 1265 896 1313 uon
917 1243 1100 1315 offenderet
1124 1271 1244 1317 unum·

322 1488 376 1535 Nec
392 1489 488 1535 virtute
496 1488 568 1555 soret
583 1488 689 1536 emmena
700 1494 788 1550 poten·
820 1484 900 1535 sanda
923 1486 950 1534 Si
973 1489 1062 1537 vetusti
1080 1489 1223 1554 interpretes
1246 1491 1316 1554 iege-

293 1574 347 1621 tv'ue
370 1574 449 1620 armis
470 1573 549 1632 Quom
570 1574 658 1637 lingua
677 1572 788 1623 menn.
821 1573 892 1619 edam
906 1573 1040 1638 acceperint
1056 1590 1098 1638 pro
1115 1574 1210 1637 indole,
1231 1576 1317 1622 eborn-

291 1658 365 1707 Nemo
377 1660 482 1707 omnium
494 1660 652 1723 interpretum
664 1656 705 1706 bio
714 1656 790 1706 offen·
821 1664 900 1721 eterit,
917 1658 976 1705 forti
991 1657 1035 1706 illo
1047 1675 1075 1707 ae
1093 1658 1205 1722 militari,
1222 1668 1318 1721 manet,

290 1743 351 1795 disse
364 1743 467 1793 videtur.
480 1745 528 1810 ligo
535 1759 606 1810 grave
615 1744 700 1791 vitium
707 1741 791 1792 inbae-
814 1732 886 1808 vquod
900 1743 979 1808 poeni:
995 1744 1079 1793 virtus
1091 1751 1117 1792 et
1128 1759 1199 1793 oraro
1213 1747 1319 1810 separari

291 1844 344 1877 rere
352 1822 580 1881 arbitronlatinum
588 1838 654 1877 estet
662 1827 792 1877 reetediri·
822 1845 869 1877 non
891 1813 1002 1894 possunt'
1017 1830 1056 1878 Fst
1074 1840 1197 1895 praeterea
1211 1829 1275 1896 quod
1291 1831 1319 1878 in

293 1923 334 1963 tur
350 1921 440 1979 potens
463 1916 559 1963 virtrste
579 1921 606 1962 et
622 1915 718 1975 emir,
741 1929 789 1961 non
817 1909 949 1976 potentiue
962 1913 1022 1965 mibi
1032 1913 1164 1981 displiceat.
1176 1917 1260 1964 Graeci
1270 1915 1319 1964 ele·

291 2009 357 2048 reete
367 2008 458 2064 potens
470 2001 567 2048 virtuts
578 2000 619 2046 ool
629 1998 716 2045 amia.
736 1997 791 2045 Vir·
822 1998 904 2061 gartia
916 1997 1013 2062 liuguae
1035 2010 1061 2048 et
1078 2000 1201 2049 literarum
1216 1999 1319 2049 multum
1409 2058 1414 2067 Ι

292 2092 336 2137 tas
351 2094 377 2131 et
392 2100 462 2132 arnna
482 2085 517 2131 sie
537 2083 662 2130 coniuncta
679 2080 743 2129 idem
758 2082 790 2129 ai-
821 2091 965 2146 potuerunt,
984 2084 1053 2132 suere
1069 2083 1128 2137 adeo
1142 2094 1268 2150 potentes,
1290 2096 1320 2134 ut

292 2168 398 2234 gnificat.
415 2168 501 2216 Notum
517 2176 553 2215 est
565 2166 683 2215 laenati
697 2165 789 2214 dietum
823 2168 888 2231 eapti
902 2168 981 2216 ferum
996 2169 1109 2217 victorem
1125 2172 1232 2235 ceperint
1247 2180 1272 2218 et
1282 2187 1322 2219 ar·

290 2252 356 2318 apud
362 2254 442 2305 Titum
454 2253 547 2302 Liviam
554 2251 609 2314 ul,
623 2253 648 2300 6.
662 2267 696 2299 aa
710 2252 789 2302 ellum
820 2261 857 2300 tes
873 2254 961 2317 agresti
975 2253 1043 2303 Latio
1057 2255 1193 2306 intulerint.
1206 2257 1320 2322 Exiguam

292 2340 377 2404 magis
392 2340 527 2388 lloneonam
543 2339 642 2400 braum,
664 2352 736 2399 quom
752 2352 793 2384 ar·
825 2335 934 2401 leudem,
946 2354 1017 2404 quarn
1029 2340 1128 2389 Romani
1140 2343 1166 2390 in
1178 2340 1224 2390 lroe
1233 2359 1320 2408 genere

275 2426 332 2473 ‘mo
347 2426 476 2488 virtusque
489 2430 562 2472 esset.
583 2422 650 2471 Talia
665 2423 791 2471 iuvenitur·
822 2421 870 2471 sibi
885 2434 1044 2488 pepererant,
1061 2424 1123 2497 bane
1143 2443 1236 2476 omnem
1254 2444 1320 2477 acee-

290 2520 332 2559 tur
352 2510 456 2576 plurima
477 2508 541 2574 apud
558 2507 682 2557 historicon
697 2517 722 2555 et
738 2524 790 2556 ora·
822 2517 888 2574 ptam
911 2508 1048 2558 referebant
1066 2511 1167 2565 Graecis.
1192 2513 1218 2563 si
1238 2514 1320 2579 paullo

290 2605 369 2657 tores,
384 2593 414 2643 de
427 2594 527 2659 imperio
539 2592 642 2640 Romano
655 2592 752 2639 virente
764 2595 791 2639 et
821 2583 933 2641 maiorem
946 2596 1060 2644 ouramin
1073 2597 1220 2661 expoliendis
1226 2600 1321 2666 scriptis

289 2681 371 2732 armis
381 2685 471 2744 parto,
487 2676 623 2742 loquentes3
641 2684 670 2724 ut
682 2676 789 2725 omittam
821 2676 999 2738 adhibuissent,
1013 2681 1067 2728 fieri
1078 2692 1190 2746 poterant
1201 2684 1261 2734 clari
1272 2701 1320 2734 non

290 2765 371 2817 armis
392 2764 475 2827 virio,
501 2772 527 2811 et
546 2761 701 2827 virgilianum
720 2777 792 2810 omo
823 2765 901 2811 minus
919 2764 945 2812 iu
969 2774 1020 2813 arte
1041 2769 1148 2833 poetica,
1170 2786 1241 2836 quam
1260 2771 1321 2821 clari

292 2847 432 2914 virumque.
453 2849 557 2898 Fortasse
578 2847 689 2897 nonnulli
706 2865 736 2896 ex
751 2864 792 2896 ve·
824 2858 891 2897 erant
902 2850 992 2899 virtute
1006 2859 1033 2910 et·
1043 2855 1125 2913 armis;
1138 2863 1318 2921 temporeneas,

293 2937 366 2985 tustis
380 2934 552 3006 interpretibus
564 2932 610 2981 boo
623 2932 795 2982 animadverte-
826 2949 897 3000 quam
921 2945 988 2984 erant
1007 2936 1103 3001 Graeci,
1124 2944 1243 3007 quamvis,
1263 2942 1320 2991 reli·

291 3031 359 3074 runt.
374 3021 470 3072 Invenio
483 3019 709 3085 eerteqnint'rtute
722 3018 794 3067 aliter
824 3029 864 3067 eta
879 3021 993 3069 maiorum
1007 3024 1060 3087 via,
1073 3041 1099 3073 se
1115 3027 1220 3076 totosad
1240 3045 1321 3077 eornm
1425 3075 1428 3079 ,

251 3123 254 3130 ’
293 3106 473 3173 explicaverint.
487 3106 559 3156 iero:
577 3104 704 3152 »Virtute
719 3101 750 3151 ad
757 3105 794 3152 in-
826 3105 961 3171 exemplum
984 3108 1174 3176 conformarent,
1197 3114 1252 3163 fieri
1273 3130 1321 3164 nou

294 3193 393 3258 genium
400 3193 520 3257 pertinet,
528 3191 607 3244 annia
619 3186 747 3240 advires.”
764 3190 793 3237 lit
824 3199 941 3254 poterant.
959 3191 1030 3241 Nemo
1042 3194 1159 3246 Romanus
1171 3208 1220 3248 tam
1232 3201 1321 3250 stultus

294 3278 331 3328 sio
344 3277 514 3326 commentator
526 3275 679 3341 cruquianus.
694 3272 741 3323 Sed
752 3290 794 3322 ne·
826 3283 877 3323 erat
898 3284 927 3323 ut
947 3273 995 3332 boe
1009 3277 1124 3334 crederet.
1145 3283 1255 3332 Horatius
1268 3286 1320 3349 ipse

295 3378 345 3428 que
366 3364 450 3410 virtue
470 3361 504 3410 sie
520 3359 570 3410 sola
586 3370 610 3409 et
626 3369 735 3425 separata
750 3376 795 3408 un·
826 3375 918 3424 temper
943 3363 1082 3428 aequalibus
1110 3368 1159 3415 suis
1180 3367 1321 3419 Graecorum

295 3464 368 3515 quam
384 3446 413 3496 de
425 3447 527 3513 ingenio
540 3446 644 3510 ponitur.
661 3444 742 3510 Neque
755 3461 793 3494 res
825 3444 934 3510 exempla
960 3447 1075 3500 ostendit:
1105 3467 1152 3518 quo
1172 3453 1269 3519 propius
1289 3433 1329 3504 ab

295 3536 349 3601 ipsa
364 3549 408 3600 per
425 3549 450 3581 se
468 3540 503 3580 est
518 3547 582 3579 vera.
607 3530 664 3579 Nam
679 3530 793 3593 Romani,
826 3546 854 3578 eo
878 3530 986 3598 exemplo
1010 3533 1134 3598 abessent,
1166 3535 1212 3587 hoe
1235 3540 1321 3589 fierent

296 3638 353 3670 enm
367 3620 462 3669 Graecis
470 3618 612 3682 comparati,
625 3617 729 3681 ingenio
743 3632 791 3664 uon
814 3619 1013 3681 praestantiores.
1027 3620 1088 3688 Quid
1100 3622 1193 3674 malta?
1206 3624 1249 3673 l’rn
1258 3624 1322 3675 cla-

298 3704 532 3768 exeellnerunt.lpre
537 3700 722 3752 Horatiusdixit:
734 3703 795 3749 Gra·
825 3701 907 3751 aista
921 3702 1070 3753 scribendum
1082 3704 1184 3758 arbitror
1195 3710 1321 3761 CLARIVS·

297 3795 338 3842 e's'r
355 3792 498 3858 ingenium,
518 3788 605 3837 oraio
617 3786 687 3835 dedit
700 3801 739 3834 ers
757 3802 794 3835 ro·
826 3788 893 3853 otu,
910 3804 953 3854 pro
968 3788 1114 3840 torttttvs
1130 3804 1211 3844 autem
1223 3797 1321 3848 torat-

298 3879 376 3928 tmtdo
390 3879 467 3927 Musa
481 3875 556 3938 toqui.
573 3873 655 3921 Graeci
667 3870 726 3921 adeo
738 3882 795 3921 sunt
825 3873 913 3923 l'llllS.
929 3875 981 3922 Nee
997 3875 1092 3924 virtute
1098 3878 1171 3938 forst
1181 3884 1321 3948 clariusque

299 3973 410 4029 potentes
422 3963 518 4029 ingenio
530 3970 554 4009 et
567 3959 661 4025 lingum
673 3959 795 4007 utfierent
822 3960 967 4024 potentibus
981 3962 1061 4009 amir
1077 3963 1156 4020 Quom
1170 3968 1259 4034 litigem
1273 3971 1321 4019 Lo·

299 4049 399 4098 Romani
414 4058 537 4115 potentes,
553 4044 697 4111 exemplaria
708 4045 797 4092 Graeca
829 4047 901 4094 timu.
927 4044 1028 4094 carten
1043 4046 1116 4098 babet
1131 4049 1190 4102 duas
1204 4053 1334 4120 syllabas„

301 4142 417 4182 nocturna
433 4144 457 4181 et
474 4132 559 4182 diurna
573 4147 645 4180 manu
660 4140 728 4179 erant
743 4145 795 4178 ver·
826 4130 1319 4203 utlirgilieuaeonnrsbio‚l³aeons'is,alia.
