3009 5000
258 493 298 558 16
514 495 728 560 uountll
758 493 1005 558 uutsuout

286 693 407 795 Inblix
432 695 542 790 operia
555 710 717 785 summa,
741 694 822 787 quia
845 715 972 788 ponere
994 678 1105 763 totum

286 813 433 887 Nesciet:
452 813 545 885 hunc
556 836 619 908 ego
635 836 710 903 me,
732 813 860 907 siquid
878 834 1080 906 componere
1100 835 1235 911 curem,

288 933 363 1036 Non
388 934 493 1027 magis
512 955 582 1004 esee
602 931 723 1027 velim,
745 955 849 1026 quam
872 954 954 1002 naso
980 933 1091 1004 vivere
1112 958 1237 1031 prav03

255 1135 292 1185 Itu
315 1134 427 1202 quidem:
459 1135 573 1196 sisaber
594 1150 658 1183 anns
682 1133 745 1183 idern
764 1133 855 1193 vbitror
867 1136 888 1184 si
903 1152 946 1201 pro
956 1135 1091 1185 Aemilium
1106 1142 1173 1189 drea
1188 1142 1272 1192 ludum

256 1233 318 1273 esset
344 1241 371 1273 ao
391 1224 468 1285 suber
491 1223 592 1285 aliquis.
632 1219 678 1268 Sed
704 1220 752 1268 ele·
783 1222 874 1270 FABER
906 1223 971 1271 lnts
995 1212 1112 1272 scribatur
1138 1226 1275 1278 Aemiliam

258 1313 362 1377 gantiam
390 1312 454 1359 vocis
482 1326 529 1358 uon
556 1318 676 1358 assecutus
705 1317 749 1356 est.
782 1310 851 1357 circo
864 1310 947 1357 ludam
961 1311 1046 1359 utum
1066 1312 1168 1363 ninus,
1191 1316 1274 1367 (torm.

257 1396 415 1445 nummus
779 1394 907 1459 ptelaebie
921 1412 969 1444 esse
978 1399 1057 1462 potuit
1075 1414 1164 1448 cursus.
1178 1401 1274 1450 FABRI-

289 1482 349 1529 Ante
371 1481 505 1529 Bentleium
532 1478 647 1528 edebatur
675 1479 751 1529 imas.
782 1478 875 1526 muts
896 1506 930 1516 ·-
952 1480 1103 1533 unnulfum:
1127 1501 1215 1534 monus
1230 1502 1274 1552 per

257 1568 332 1617 Multa
352 1568 413 1617 MSS.
430 1566 520 1616 babent
534 1583 606 1615 unus.
629 1564 709 1630 Neque
725 1565 751 1614 iu
785 1565 948 1630 compendium
973 1569 1002 1617 fit
1016 1585 1079 1619 mus.
1104 1573 1137 1620 Ex
1145 1573 1274 1632 subtimes

257 1654 376 1718 scriptura
388 1668 498 1718 magnum
512 1662 547 1699 est
560 1651 693 1699 discrimen.
713 1649 751 1697 ti·
782 1661 865 1698 natum
881 1662 917 1701 est
929 1653 1005 1714 suber
1020 1658 1100 1720 imas,
1124 1657 1188 1707 unde
1203 1673 1273 1724 porro

258 1735 361 1786 dendum
368 1737 436 1786 modo
448 1749 498 1802 est,
510 1749 590 1787 utrum
606 1738 692 1787 melius
700 1754 752 1786 sen·
776 1740 853 1800 sober
867 1756 938 1789 nnus.
963 1743 1040 1808 Atque
1055 1759 1121 1792 unas
1141 1747 1167 1793 in
1180 1749 1276 1810 pnuoio-

258 1826 348 1873 tentiae
370 1827 500 1875 conveniat.
526 1827 595 1875 Imus
614 1843 662 1874 non
678 1827 749 1875 focile
782 1825 863 1890 ribus,
879 1828 1116 1897 imnsinplerisque
1131 1832 1193 1882 MSS.
1207 1850 1276 1900 repe·

260 1912 400 1978 explicatur.
421 1912 516 1960 Praeter
523 1913 658 1976 opiniones,
671 1909 752 1958 aBeu·
785 1912 855 1959 ritur.
879 1913 972 1960 Manae
987 1911 1016 1960 de
1032 1917 1097 1963 omni
1112 1917 1230 1967 artificum
1251 1926 1277 1967 et

258 1998 317 2047 tleio
325 2005 474 2059 memoratus,
484 2006 509 2044 et
517 1996 578 2044 aliae
586 1996 705 2044 seruntur.
719 1996 751 2044 Eu
783 1997 937 2045 artificiorum
968 2015 1068 2064 genere,
1096 2004 1223 2068 praecipue
1247 2002 1278 2053 de

258 2085 422 2135 sanctesium
438 2082 516 2130 locum
532 2082 591 2129 sueit
607 2090 750 2146 suspectum.
782 2082 920 2131 statuariis
949 2093 974 2132 et
997 2085 1139 2149 pictonibus
1169 2090 1277 2153 ponitur.

258 2169 369 2218 Horatius
389 2176 453 2215 certe
473 2166 603 2231 scripsisset
624 2164 749 2231 ambigue,
782 2167 894 2234 Exempla
918 2168 958 2218 bie
981 2187 1029 2219 non
1055 2182 1111 2221 sunt
1134 2178 1275 2227 necessaria.

259 2266 341 2306 eontra
361 2271 430 2303 suum
453 2254 528 2318 ipsius
543 2260 696 2316 praeceptum
715 2268 750 2299 vs.
783 2250 926 2315 videantur,
943 2269 1001 2319 quos
1014 2257 1230 2310 citavitBurmann.
1247 2259 1279 2311 ad

259 2346 317 2394 440.
331 2343 398 2390 Unus
407 2342 458 2389 sine
467 2337 539 2387 dubio
547 2347 664 2404 praestat,
677 2354 754 2404 neque
787 2339 892 2388 Petronii
923 2339 972 2389 Sat.
1002 2359 1054 2409 cap.
1080 2346 1121 2397 38.
1155 2346 1182 2396 In
1205 2346 1278 2397 verbe

260 2439 394 2478 tamensuu
410 2435 474 2473 caret
490 2424 707 2472 difficultateznam
724 2434 749 2472 et
773 2435 862 2484 ,autem
883 2428 1005 2488 exprimet
1027 2429 1074 2474 iam
1096 2433 1202 2478 cernitur
1218 2432 1276 2481 urti-

260 2514 306 2563 boe
330 2512 393 2560 varie
416 2509 532 2573 explicari
552 2516 644 2570 potest,
670 2516 695 2554 et
711 2524 751 2555 ex·
783 2510 834 2556 ficis
849 2512 1011 2573 praestantia,
1028 2513 1103 2577 magis
1120 2518 1205 2579 etiam,
1219 2518 1277 2582 quin

260 2600 376 2667 plicatum
395 2605 438 2644 est.
463 2592 508 2641 Sed
532 2593 593 2641 ratio
614 2592 752 2641 Bentleiana
785 2596 906 2660 sequitur,
931 2594 994 2661 quod
1011 2595 1079 2645 faber
1095 2604 1277 2651 oerea'mitabi·

261 2704 311 2738 sese
327 2684 436 2750 inprimis
456 2677 610 2729 commendat.
636 2677 699 2726 Illud
716 2689 751 2728 ta-
784 2688 827 2729 tur
842 2684 945 2746 capillos
959 2685 1059 2745 molles,
1075 2702 1123 2734 non
1135 2688 1278 2754 simpliciter

263 2788 317 2821 men
341 2777 458 2828 teneatur,
487 2766 553 2813 Unus
568 2781 648 2813 revera
664 2766 754 2830 signifi·
786 2768 932 2816 imitabitur
955 2770 1072 2833 copilloe;
1097 2773 1130 2819 sio
1152 2789 1179 2821 en
1197 2775 1278 2822 mollie

264 2869 303 2907 eat
318 2859 392 2907 solos.
420 2855 486 2902 omo
498 2855 607 2901 virorum
618 2860 706 2917 potes,
725 2862 754 2901 tu
787 2855 837 2902 ties
852 2856 878 2903 in
894 2856 944 2920 ipso
960 2872 1014 2904 aere
1030 2855 1123 2905 reddita
1141 2875 1190 2906 esse
1206 2860 1278 2909 intel·

263 2948 436 3005 tolosanum,
460 2941 503 3007 qui
518 2956 580 2988 nune
596 2941 695 3002 vivunt,
712 2957 754 3005 po·
785 2940 878 3007 ligitur.
892 2942 935 2992 Pro
951 2960 1058 3010 ungues,
1075 2945 1154 2996 iubis.
1164 2946 1279 2997 membra·

264 3044 316 3084 tes:
340 3048 405 3080 unus
427 3031 502 3091 noni,
525 3030 591 3076 solus
615 3029 690 3075 novi:
712 3027 753 3076 tn-
784 3046 873 3094 naceo,
888 3030 951 3096 quod
964 3033 1149 3082 Brinckmunnus
1165 3051 1194 3083 ex
1208 3034 1278 3084 Italis

264 3120 341 3189 pheno
356 3133 420 3166 unus
434 3118 460 3165 iu
477 3115 572 3162 Teneris
589 3113 638 3161 fuit
653 3115 756 3162 iustissi·
787 3117 838 3164 viro
867 3115 935 3164 doeto
960 3119 985 3166 in
1009 3117 1172 3168 Neerlandiam
1196 3122 1277 3183 misit,

264 3225 330 3270 mus,
354 3207 421 3253 solus
441 3219 519 3251 omnes
542 3202 641 3250 Teucros
661 3203 755 3250 iustitia
786 3201 849 3250 unde
873 3203 982 3253 Dukerus
1002 3208 1080 3254 varias
1100 3206 1215 3253 lectiones
1237 3222 1279 3253 ex·

264 3292 399 3360 superabat.
415 3291 525 3339 Horatius
540 3290 616 3355 igitur
634 3288 706 3337 dicit:
728 3289 756 3336 In
788 3298 880 3355 eerptas
904 3291 1005 3341 editioni
1024 3293 1153 3342 basileensi
1172 3290 1278 3354 addidit,

265 3380 359 3430 officina
375 3381 437 3428 circa
457 3377 540 3426 ludum
554 3377 680 3425 Aemilium
694 3394 756 3425 unus
787 3379 902 3443 seriptum
918 3389 969 3429 erat
984 3395 1085 3445 angues.
1098 3377 1144 3426 MS.
1158 3376 1279 3424 Sermones

265 3465 339 3516 modo.
350 3477 385 3514 est
405 3463 487 3527 saber,
504 3465 547 3530 qui
559 3463 623 3512 solus
636 3480 665 3513 ex
681 3465 756 3512 omni·
789 3473 813 3513 et
826 3465 940 3529 Epistolas
954 3476 1046 3514 tantum
1062 3459 1206 3511 continebat.
1228 3460 1279 3511 An·

265 3552 311 3603 bus
332 3551 406 3601 fabris
422 3551 448 3598 iu
469 3550 551 3619 eudem
566 3550 660 3600 officina
680 3561 756 3599 artem
785 3567 849 3616 goes
865 3552 960 3617 pridem
984 3553 1108 3601 manifeste
1130 3547 1160 3596 ab
1184 3546 1279 3596 indocto

267 3639 472 3709 exprimendomm
495 3639 596 3685 crinium
623 3637 755 3703 intelligit3
789 3637 887 3687 librario
914 3650 1050 3705 corruptum
1075 3644 1118 3683 est·
1148 3632 1194 3682 Sed
1217 3634 1298 3718 alita,

267 3727 321 3792 vel,
341 3736 376 3775 est
398 3722 480 3785 saber,
504 3723 570 3808 isone
595 3723 658 3771 circa
673 3722 757 3771 ludum
788 3723 902 3773 lectiones
917 3724 1006 3774 ibidem
1030 3725 1184 3773 inveniuntur
1204 3739 1219 3771 a
1242 3739 1281 3770 oo·

268 3814 394 3863 Aemilium
415 3809 539 3871 habitans,
564 3809 606 3873 qui
626 3810 653 3856 in
674 3825 701 3856 eo
717 3825 758 3874 ge·
789 3810 863 3875 gnitis
879 3809 941 3859 MSS.
964 3810 1077 3858 diversae.
1100 3807 1144 3857 Ubi
1161 3807 1232 3856 hodie
1247 3809 1281 3857 ait

268 3915 325 3948 nere
342 3915 420 3947 omnes
439 3895 498 3945 alios
521 3892 652 3941 antecellit.
674 3895 758 3957 Quam-
789 3894 853 3943 illud
874 3896 996 3958 Italicum,
1021 3898 1111 3961 ignoro.
1137 3896 1281 3962 interpretes

269 4001 340 4054 quam
360 3987 435 4050 igitur
445 3984 522 4045 saber
541 3997 605 4029 tenus
628 3982 663 4029 ita
683 3982 760 4046 accipi
791 3982 913 4031 Horatiaui
928 3999 975 4031 non
991 3984 1124 4047 cognovisse
1136 3983 1256 4032 videntur.

268 4072 356 4137 possit,
374 4078 480 4117 remanet
503 4066 594 4133 aliquid
610 4066 717 4133 ambigui
733 4077 758 4116 et
823 4069 902 4126 Quom
921 4084 981 4115 noae
1001 4069 1084 4117 vivere
1099 4086 1185 4133 provo.
1204 4069 1282 4118 Resti-

269 4155 456 4229 obscuri,quod
471 4158 559 4221 optime
573 4155 628 4204 tolli
641 4172 707 4222 posse
723 4171 760 4206 ar·
793 4164 833 4205 tue
858 4172 889 4205 ex
901 4154 1009 4204 omnibus
1031 4155 1154 4207 Codicibus
1173 4167 1221 4205 tam
1240 4167 1282 4203 nod
