3009 5000
297 484 340 547 96
562 475 773 541 notatu
802 464 1045 530 urlsrotn

320 686 382 757 llle
402 684 503 778 dapes
526 679 642 750 laudet
665 697 795 747 mensae
814 638 947 753 brevis,
971 665 1030 735 ille
1054 662 1225 734 salubrem
1262 682 1264 689 ’

290 912 397 958 irwertos
428 906 513 953 animi
529 902 659 969 pacaverit
681 906 783 960 aestus,
817 902 867 946 lum
882 902 1051 964 inflammavit
1065 908 1137 969 iras,
1158 908 1249 972 origne
1258 909 1316 970 pul-

286 993 395 1044 Inoenit.
409 991 480 1038 Recte
497 1007 552 1038 vero
570 988 636 1036 irati
651 994 674 1031 et
689 991 782 1031 tumen-
814 999 869 1032 nere
890 989 931 1034 oel
947 991 1024 1037 unius
1035 1008 1115 1055 poena
1130 993 1201 1040 ducis
1221 993 1316 1040 resedit

288 1087 325 1127 tes
340 1080 480 1143 iunguntur.
497 1074 579 1139 virgil.
593 1070 657 1131 ΠΗ,
671 1071 711 1116 40.
732 1069 784 1115 Neo
816 1072 895 1119 omnis
913 1080 999 1122 tumor.
1024 1076 1114 1125 Seneca
1130 1077 1159 1125 de
1175 1078 1213 1125 Ira
1228 1077 1277 1141 lll,
1289 1082 1315 1126 2.

287 1165 345 1213 belli
362 1170 455 1210 terrere
467 1162 558 1220 minis,
576 1165 654 1203 tumor
668 1155 746 1201 onais
760 1161 785 1200 et
817 1158 909 1205 Rabies
922 1159 1025 1220 infirrcda
1041 1164 1172 1210 civitatem
1184 1165 1259 1222 tulit;
1273 1179 1316 1211 nea

285 1250 341 1298 irae
363 1249 502 1296 Certeessere
517 1245 604 1290 Deum.
629 1238 672 1286 ubi
690 1248 783 1287 veteres
816 1241 902 1289 datum
919 1252 1026 1309 tempus,
1043 1263 1088 1309 quo
1100 1248 1221 1296 redderet
1237 1255 1317 1296 tumor

286 1344 402 1393 editiones
415 1343 483 1390 male
500 1342 581 1387 timor.
607 1339 727 1401 Expressit
742 1337 782 1386 hi‘c
813 1341 934 1402 publicus
959 1342 1048 1390 Statius
1068 1343 1142 1392 Theb.
1160 1343 1206 1405 lx,
1224 1344 1263 1390 79.
1286 1339 1316 1389 dc

286 1431 407 1495 Virgilium
429 1428 517 1475 Statius
537 1422 610 1472 Theb.
627 1424 659 1485 V,
672 1425 729 1471 435.
754 1423 782 1471 dc
816 1426 926 1490 Polynice
948 1444 1030 1475 manus
1049 1427 1095 1476 sibi
1111 1428 1222 1476 illaturo:
1245 1441 1317 1474 coacc-

285 1515 368 1580 Minyis
379 1514 491 1560 hornum
506 1507 782 1557 advenientibus:Emi-
814 1518 857 1558 rot
878 1514 971 1576 cubrino
994 1515 1107 1561 turbidos
1123 1529 1216 1576 mun,
1238 1512 1317 1576 Apto-

284 1614 332 1646 ous
354 1599 456 1661 abrupto
479 1596 598 1658 patiant
621 1611 683 1643 nova
706 1596 785 1643 litora
817 1598 903 1660 datore
916 1601 985 1660 neu,
999 1601 1101 1665 cornitcs
1115 1608 1317 1660 tenuere,saeer·

285 1686 369 1746 salto,
393 1685 540 1748 Magnorum
561 1680 646 1728 decoro
667 1682 721 1728 alta
737 1697 784 1745 pa-
816 1698 861 1745 que
878 1683 1008 1748 Castigot‚
1022 1686 1125 1747 bellique
1140 1686 1206 1731 vices
1221 1683 1318 1743 aefata

286 1779 365 1833 trem,
378 1769 522 1829 iomfronta
534 1768 628 1830 semri,
646 1767 782 1815 Nescrndi-
813 1771 949 1831 revolveres,
961 1771 1063 1818 Solatur
1076 1771 1205 1818 termidum.
1223 1767 1268 1816 llbi
1280 1784 1317 1817 so·

286 1872 330 1920 que
346 1856 445 1916 lubitu,
457 1861 589 1918 postquam
603 1860 682 1901 tumor
695 1855 782 1916 ireque
815 1855 867 1900 lari
884 1856 1005 1919 tumidum
1018 1855 1089 1920 plane
1105 1855 1168 1904 idem
1184 1865 1220 1903 est
1233 1871 1317 1918 acpa-

285 1933 499 1991 cesut'l'ultibos.
524 1940 561 1988 lta
577 1939 718 2005 legendum,
735 1956 783 1987 non
815 1956 871 1987 core
885 1948 1032 1989 tuneentcm:
1046 1952 1084 2003 et,
1099 1943 1229 1989 utiterum
1242 1939 1317 1989 duem

287 2030 374 2088 timor,
390 2024 453 2090 quod
470 2035 494 2073 et
508 2025 568 2073 editi
585 2034 609 2073 et
626 2034 728 2090 quatuor
743 2041 785 2071 no-
817 2041 887 2090 quam
908 2026 1013 2091 proclive
1035 2037 1096 2074 esset
1111 2026 1224 2075 Librariis
1239 2025 1317 2073 locum

285 2113 328 2160 stri
341 2109 434 2158 Codices
444 2109 567 2160 exhibent.
581 2092 664 2174 virgil.
673 2109 781 2171 tutat.
816 2109 879 2157 hunc
895 2111 973 2158 Flacci
986 2112 1142 2176 interpolare,
1160 2111 1232 2160 codex
1246 2110 1318 2159 Statii

285 2196 314 2245 de
337 2196 467 2244 Charonte:
494 2198 591 2245 tumida
614 2211 645 2244 ee
664 2197 707 2243 ira
731 2203 785 2244 tum
816 2198 933 2246 Petrensis
955 2199 1072 2245 timidum
1092 2197 1161 2246 nobis
1179 2207 1204 2244 et
1220 2196 1260 2244 hic
1275 2195 1317 2243 oh

285 2283 357 2331 corda
371 2283 494 2331 rendunt.
512 2293 537 2330 ct
549 2282 639 2330 ibidem
651 2283 691 2330 49.
706 2279 735 2329 de
748 2282 784 2329 Si·
817 2274 900 2330 trudit.
926 2283 980 2330 Iure
1002 2285 1092 2348 igitur,
1116 2284 1213 2348 opinor,
1234 2282 1318 2329 lectio·

284 2369 364 2437 bylla:
379 2369 422 2416 scd
431 2377 521 2432 peetus
536 2370 649 2417 onmem
665 2369 704 2416 Et
715 2368 785 2415 rabie
816 2385 870 2417 nem
883 2368 945 2417 hanc
957 2368 1199 2433 adscivimnsr'quam
1212 2384 1242 2415 ne
1255 2368 1316 2414 sorte

277 2457 340 2517 sera
354 2455 426 2503 eorda
440 2462 542 2505 tament.
565 2456 648 2504 Noster
663 2471 734 2519 supra
746 2471 781 2503 vs.
815 2456 908 2504 incuses
923 2464 951 2503 ut
967 2457 1038 2504 nimis
1053 2471 1126 2520 prope
1143 2455 1173 2515 ad
1186 2456 1267 2503 iratos
1279 2469 1317 2502 ac·

284 2543 325 2590 64.
342 2542 473 2604 Iratusque
489 2543 602 2589 (breones
618 2540 712 2598 tumido
723 2540 785 2587 deli-
817 2540 951 2601 cedentem,
968 2549 993 2587 ct
1006 2539 1044 2587 bis
1057 2542 1108 2587 sere
1122 2539 1185 2587 idem
1199 2539 1317 2588 dicentem

284 2628 356 2692 tigot
371 2642 419 2674 ooe.
436 2627 524 2674 Seneca
537 2626 639 2692 Thyeste
655 2626 712 2673 519.
736 2625 783 2672 Po-
815 2624 871 2688 (etsi
883 2624 928 2673 hoe
941 2626 1022 2690 inique
1039 2623 1134 2689 feceris)
1148 2627 1207 2673 scias
1224 2634 1318 2673 tumere

283 2720 362 2759 netur
374 2714 453 2760 ontnis
465 2714 519 2774 ira,
528 2720 554 2759 et
565 2727 595 2758 co
610 2712 693 2757 animo
705 2717 785 2758 mmor
818 2717 856 2757 tes
871 2709 911 2757 hic
927 2726 975 2758 non
990 2713 1032 2757 ire
1045 2710 1125 2772 modo,
1141 2710 1183 2758 sed
1196 2710 1276 2760 dolore
1289 2727 1317 2759 ac

285 2798 384 2845 Eresos
399 2800 477 2845 abeat.
494 2796 613 2845 Phoeniss.
622 2798 678 2844 352.
698 2798 786 2843 Tumet
818 2797 900 2860 quavis
915 2797 1007 2843 recenti
1024 2797 1098 2843 animi
1113 2798 1266 2845 commotione
1280 2811 1317 2843 re-

283 2884 383 2930 animus
395 2883 540 2944 ira,fcroet
552 2884 695 2930 immensum
709 2881 783 2930 dolor.
817 2890 855 2927 cte
872 2881 960 2944 accipi;
978 2883 1025 2928 imo
1042 2869 1086 2930 ub'i
1101 2884 1180 2929 varius
1193 2891 1218 2930 et
1229 2883 1317 2929 mixtus

283 2968 430 3032 Capitolinus
446 2971 472 3017 iu
489 2970 578 3017 Pertin.
595 2971 634 3015 11.
660 2967 710 3014 Sed
728 2982 783 3014 curn
816 2975 852 3014 cst
872 2976 951 3015 aestus
970 2967 1106 3029 irascentis,
1130 2967 1248 3029 dolentis,
1272 2955 1322 3032 ptr-⁸

283 3070 349 3103 unos
361 3070 374 3101 e
388 3056 499 3119 Tungris
510 3056 540 3101 in
553 3055 620 3101 viam
631 3060 657 3100 et
668 3058 786 3099 tumucm
820 3050 912 3114 dentis,
921 3051 1083 3117 dedignantis3
1099 3052 1156 3115 ubi,
1165 3063 1194 3100 ut
1206 3053 1316 3101 inTurno

284 3141 382 3188 milites
396 3141 510 3203 loquendo
525 3139 678 3187 adduxisset.
698 3125 738 3185 Ita'
747 3154 784 3185 re·
815 3138 992 3202 llezentioque,
1009 3148 1103 3187 aestuat
1119 3131 1203 3204 ingens
1224 3155 1270 3186 uno
1290 3139 1317 3186 in

285 3234 323 3274 cte
341 3225 474 3274 emendavit
489 3224 628 3285 Salmasius,
645 3239 698 3270 enm
711 3221 784 3287 volgo
818 3221 886 3270 corde
897 3221 986 3285 pudor,
998 3224 1120 3289 mixtoque
1132 3224 1231 3272 iufamia
1239 3222 1316 3286 luctu.

285 3320 348 3359 esset
363 3313 481 3360 timorem.
494 3309 705 3370 tirtamus.
719 3309 787 3356 Mul·
818 3308 856 3354 lta
873 3314 952 3354 tumor
968 3306 997 3355 de
1015 3308 1094 3356 dolore
1112 3318 1137 3356 ct
1152 3307 1220 3356 luctu
1237 3307 1317 3356 Cicero

287 3385 324 3444 tis
339 3399 368 3444 in
383 3398 463 3444 Italia
475 3397 598 3444 contactis
607 3395 727 3459 gentihus
739 3395 789 3441 Pu-
820 3391 888 3440 Tusc.
902 3392 1004 3454 111‚12.
1021 3395 1059 3441 Et
1075 3394 1318 3458 quideminoeterato

285 3484 340 3531 aiei
356 3484 415 3530 belli
430 3484 561 3543 cenatote,
575 3483 662 3544 iraque
672 3479 730 3527 inde
744 3485 783 3525 tu·
814 3479 894 3540 malo,
911 3493 965 3525 crem
979 3480 1054 3526 umor
1073 3479 1154 3526 anino
1174 3477 1316 3527 resedisset.
1331 3467 1334 3472 ’

284 3570 417 3617 mentitus.
439 3569 575 3615 Lactantius
590 3565 619 3614 de
635 3566 672 3612 Ira
685 3565 729 3612 Dei
742 3566 783 3612 18.
816 3564 844 3610 Et
860 3564 900 3611 31.
926 3564 994 3610 Erat
1015 3567 1080 3611 enine
1102 3565 1132 3610 in
1153 3570 1245 3609 tumore
1261 3566 1318 3612 oni-

286 3654 599 3717 Dedissetoiaespotiunr5
609 3658 653 3713 ut,
662 3650 785 3698 resima
816 3664 884 3709 neas,
901 3656 927 3696 at
941 3650 1020 3697 uanis
1034 3650 1064 3695 in
1077 3664 1103 3695 eo
1119 3648 1262 3695 tentabatur
1276 3665 1319 3698 cu-

282 3755 331 3805 per
345 3740 507 3787 intervallum
524 3738 640 3800 temperis
652 3736 733 3782 animi
747 3740 786 3781 tu·
818 3735 894 3781 ratio.
919 3735 947 3781 Et
968 3734 1010 3795 lt,
1024 3735 1064 3781 29.
1087 3734 1119 3780 In
1136 3733 1317 3782 Consolationis

286 3840 369 3888 ruore,
399 3825 498 3872 netues
525 3823 619 3871 modurn
640 3820 784 3884 castigatio.
817 3820 893 3879 libro,
908 3819 1018 3880 quernis
1030 3818 1318 3868 mediomoeroreetdo-

286 3904 786 3960 amobintib.1.-Nottusromorinot
819 3906 868 3951 lore
890 3904 1093 3966 conscripsimus:
1117 3904 1223 3968 qnodque
1247 3911 1318 3953 octat

283 3998 416 4062 gnotioMs
437 3999 467 4044 in
487 3995 541 4043 diis
556 4000 601 4042 est.
624 3989 784 4056 Quintilianus
817 3989 969 4052 Chrysippus
985 3987 1018 4034 ad
1032 3996 1142 4036 recentes
1154 3991 1227 4051 quasi
1241 3997 1318 4037 turno=

285 4082 390 4131 Declam.
403 4081 465 4129 Xlll.
493 4080 608 4128 Etiamsi
622 4076 730 4124 diensis
745 4088 783 4120 re-
815 4089 855 4120 res
875 4074 956 4119 enimi
980 4073 1113 4120 rernediurn
1136 4074 1263 4131 adhibere,
1287 4074 1317 4121 id

282 4168 359 4234 gibus
375 4164 464 4232 (apum)
479 4172 562 4215 comta
582 4162 675 4211 ecditio
690 4160 723 4207 od
737 4159 784 4207 bel·
815 4174 860 4206 nos
866 4157 985 4217 fecimrw.
1001 4157 1048 4204 Hos
1062 4159 1138 4223 igitur
1146 4173 1238 4222 pacare
1251 4168 1315 4206 amat
