3009 5000
557 424 616 483 tu
647 423 863 522 PISONES.
1160 426 1217 487 169

204 600 298 656 vinculo
314 604 488 655 connecterent.
504 603 571 668 Quod
585 605 660 669 igitur
672 606 698 653 in
747 624 749 629 ’
762 603 865 670 Epistola
872 602 1000 655 adl'isones
1008 606 1125 656 efficiebat
1132 615 1224 672 partem

203 692 309 741 versibus
326 693 416 740 Latinis
432 690 527 752 deerat,
548 689 593 738 hoc
609 689 649 737 illi
663 691 700 738 in-
731 689 868 739 Sermouum
878 701 902 739 et
909 692 1224 758 Epistularum‚brevipost-

203 776 355 844 terpretaudo
364 777 475 843 supplere
489 776 567 824 conati
576 784 640 824 sunt.
656 774 700 823 lln-
732 791 803 840 quam
810 776 902 824 Horatii
914 793 984 842 opera
1000 779 1141 827 coniunctim
1157 787 1225 826 erant

203 862 234 912 de
255 865 313 911 satis
336 873 449 929 apparet,
471 859 529 927 quid
550 859 579 908 de
595 859 701 908 disiectis
733 859 807 909 edita.
836 861 934 913 Romani
953 861 1074 928 legentes,
1093 864 1224 915 utilitatem
1283 922 1286 929 ,

203 958 288 1014 poetae
309 947 421 997 membris
441 946 606 996 iudicaverint.
628 946 700 993 lleer·
731 947 1097 1013 argumentiperspiciebant,et
1106 948 1224 1014 Epistola,

202 1034 270 1084 laudi
288 1033 374 1083 bonam
390 1032 506 1099 Epistulae
522 1033 699 1098 interpretatio·
730 1033 779 1080 iam
791 1030 846 1081 aliis
858 1032 966 1081 omnibus
978 1033 1082 1099 longior,
1098 1035 1226 1100 seperatim

203 1137 258 1169 nem
274 1137 321 1169 non
334 1119 455 1168 habemus.
472 1117 640 1185 bilderdylrius
651 1133 700 1179 nou
731 1115 923 1182 describebatur,
947 1129 973 1179 et
996 1119 1135 1185 opusculum
1154 1136 1225 1185 pecu·

204 1208 321 1268 tenurit,
334 1222 396 1254 uuus
409 1206 527 1267 omnium,
541 1205 584 1269 qui
596 1218 701 1268 unquam
732 1202 792 1251 liare
808 1200 949 1254 habebatur.
965 1207 1140 1272 Exquoautem
1147 1205 1227 1254 Gram-

204 1290 269 1363 apud
283 1309 326 1340 nos
341 1292 423 1353 fuere,
444 1290 501 1338 huic
517 1291 584 1354 operi
599 1289 700 1337 maxime
731 1290 814 1337 matici
835 1288 940 1339 inludis
956 1291 1124 1357 explicabant,
1145 1290 1227 1357 appel·

204 1376 310 1426 idoneus.
325 1376 371 1424 Sed
383 1378 404 1425 si
415 1393 477 1424 unus
485 1391 577 1437 eorum,
588 1375 631 1440 qui
638 1390 700 1423 nune
732 1373 843 1422 laverunt
851 1374 939 1424 librum
947 1413 955 1439 ,
964 1378 998 1426 sic
1006 1378 1045 1425 uti
1052 1387 1115 1441 erat,
1124 1377 1227 1441 Epistu-

204 1471 274 1525 sunt,
297 1461 402 1511 versibus
417 1459 555 1510 Neerlandis
570 1460 699 1509 Romanum
731 1460 782 1507 lum
797 1461 954 1524 uths'soecs,
966 1462 1007 1510 sed
1018 1463 1120 1512 alterum
1128 1461 1227 1511 titulum

205 1564 299 1597 carmen
314 1526 441 1610 redderet,
462 1549 496 1609 is,
520 1545 603 1609 credo,
620 1545 701 1594 eadem
733 1543 1226 1609 addidereseudeArtePoets'co.Similia,

204 1633 346 1683 difficultate
363 1632 531 1699 impediretur,
556 1648 603 1697 qua
617 1630 700 1679 Franci
731 1640 807 1696 puto,
819 1631 1228 1699 exemplababemusinduplicibus

205 1728 230 1768 et
251 1720 361 1767 Germani
378 1736 403 1766 se
422 1716 547 1784 impeditos
567 1725 698 1765 senserunt.
733 1715 813 1764 titulis
825 1715 961 1765 fabularum
973 1719 1127 1782 Graecarum,
1143 1721 1190 1767 ium
1202 1722 1229 1767 iu

204 1804 266 1868 Quid
287 1803 363 1854 dicam
379 1803 408 1852 de
424 1805 517 1873 ingenti
532 1803 701 1850 Commentato-
732 1800 909 1866 Epicharmeis,
925 1805 951 1851 iu
967 1802 1071 1853 Plutonia
1087 1805 1228 1866 Phaedone,

204 1908 258 1938 rum
270 1907 382 1963 numero,
393 1891 436 1955 qui
448 1888 509 1937 hanc
520 1887 646 1954 Epistulam
659 1903 701 1935 au·
731 1888 759 1934 in
774 1886 890 1936 Ciceronis
902 1889 988 1937 laelio
996 1899 1021 1938 et
1030 1891 1135 1952 Catone,
1148 1891 1229 1938 iuTa·

175 2009 178 2014 ·
205 1975 367 2025 notationibus
383 1974 580 2023 illustraverunt?
597 1974 698 2031 Horum,
732 1974 784 2022 es‘ti
795 1974 916 2039 Doblogo,
929 1976 983 2023 aive
998 1976 1229 2024 decauseiseorru·
1249 1994 1251 1999 ·

205 2070 264 2127 quot
278 2071 334 2110 sunt
351 2062 446 2126 sumta,
463 2070 499 2108 tot
513 2061 564 2108 sere
580 2068 636 2107 sunt
651 2074 703 2107 seu·
730 2066 793 2122 ptue
813 2061 980 2124 eloquentiae,
1001 2061 1064 2110 aliis.
1088 2061 1181 2109 Titulus
1201 2061 1231 2113 da

206 2149 305 2198 tentiae.
336 2145 402 2211 Quod
423 2148 477 2195 fieri
497 2147 636 2209 neutiquam
650 2153 704 2210 pot·
734 2143 1231 2212 ArtePoelicamansit,isqueiamQuin·
1330 2134 1332 2139 ’

206 2235 307 2296 uisset,.
318 2234 442 2299 siprevera
465 2231 566 2296 simplex
588 2239 613 2278 et
628 2245 702 2277 unum
734 2229 816 2278 tiliani
836 2240 915 2279 aetate
931 2232 1003 2297 vulgo
1019 2231 1149 2282 ferebatur.
1171 2230 1231 2297 Quia

206 2329 267 2368 esset
283 2318 363 2366 libelli
379 2317 517 2378 consilium,
537 2325 563 2364 et
578 2323 704 2381 praecepta
735 2312 840 2379 Epistola
860 2332 903 2380 pro
919 2314 981 2364 libro
997 2317 1114 2382 peculiari
1126 2316 1230 2366 habeba·
1319 2303 1321 2307 ¹

205 2405 253 2454 alia
274 2421 303 2453 ex
319 2403 374 2452 aliis
389 2412 445 2469 apte
462 2401 649 2463 deducerentur,
666 2410 704 2448 at·
734 2408 792 2462 tur,
822 2417 836 2448 a
859 2401 943 2450 multis
966 2400 1110 2451 editionibus
1133 2419 1230 2469 operum

205 2507 252 2557 que
277 2491 341 2539 inter
361 2490 523 2556 principium,
551 2485 655 2535 medium
677 2495 702 2534 et
733 2485 912 2535 Horatianorum
920 2485 1231 2555 aberat.Hinc,quipostea

204 2580 276 2627 linem
298 2593 326 2625 ea
346 2577 522 2642 conspiceretur
536 2571 701 2634 necessitudo,
734 2565 945 2621 suis‘editionibus
959 2573 1094 2637 addebant,
1116 2575 1159 2624 alii
1173 2573 1230 2636 hic,

204 2680 275 2730 quum
300 2665 350 2728 ipse
370 2662 480 2710 Horatius
504 2658 626 2709 Pisouibus
642 2675 703 2707 com·
734 2657 1231 2726 aliiillieapponebant,etreperiasnunc

205 2747 310 2798 mendat.
341 2746 451 2796 Ordinem
476 2747 552 2811 igitur
575 2759 701 2806 versuum,
734 2752 787 2808 post
809 2743 905 2807 Epodos
924 2754 949 2792 et
967 2746 1070 2794 Camere
1086 2749 1230 2809 Smmelare,

205 2834 291 2900 culpa,
307 2850 354 2882 uon
366 2833 472 2894 Horatii,
485 2830 527 2879 sed
542 2830 657 2892 aliorum,
674 2838 702 2876 ut
734 2844 798 2876 nunc
810 2827 911 2879 mediam
924 2832 988 2879 inter
1001 2832 1131 2895 Epictetus
1142 2841 1167 2879 et
1174 2834 1231 2880 Ser-

206 2930 279 2985 puto,
304 2917 440 2980 turbatum,
459 2918 585 2964 restituere
602 2913 702 2977 studui,
733 2929 828 2976 ramses,
844 2931 907 2963 nunc
921 2915 989 2966 alibi.
1008 2918 1083 2966 Huius
1098 2919 1230 2967 inconstan-

207 3015 232 3053 et
256 3003 391 3069 exemplum
412 3001 492 3064 edidi,
518 3001 588 3066 quale
604 2999 634 3048 ab
650 3002 702 3065 ipso
734 3002 783 3048 tiae
806 2999 946 3053 documenta
964 3001 1070 3052 videmus
1086 3004 1112 3052 in
1127 3003 1188 3053 MSS.
1206 3013 1231 3051 et

205 3100 276 3156 poeta
285 3089 485 3154 coneipipotuisse
493 3085 634 3135 arbitrabar.
640 3086 702 3133 Non·
733 3086 816 3151 primis
826 3087 940 3153 exemplis
947 3104 991 3153 per
1000 3088 1181 3155 typographiam
1191 3105 1230 3138 ex·

205 3176 269 3225 nulli
284 3184 340 3224 ante
357 3190 394 3222 me
408 3172 530 3239 vulgatum
547 3171 651 3225 ordinem
664 3170 704 3220 bie
735 3172 830 3237 pressis.
855 3171 901 3220 Sed
919 3172 976 3223 libri
994 3184 1101 3223 veterum
1117 3191 1232 3241 nusquam

206 3262 260 3312 illic
276 3271 405 3310 mutavere.
431 3261 495 3325 Ego,
512 3268 540 3307 ut
556 3258 626 3323 plane
642 3255 705 3305 liber
736 3258 811 3322 magis
826 3257 1036 3324 corrumpebantur
1056 3277 1127 3326 quam
1142 3263 1168 3311 in
1183 3278 1231 3310 ma-

207 3358 232 3397 et
244 3364 311 3397 meus
324 3364 412 3409 essem,
428 3362 475 3393 non
486 3345 593 3410 inspexi,
606 3341 703 3391 nisiab·
734 3341 804 3391 nibus
816 3343 1037 3409 Grammaticorum,
1047 3363 1086 3395 eos
1098 3346 1196 3397 inludis
1206 3356 1231 3395 et

205 3433 283 3483 soluto
293 3449 363 3501 opere
372 3448 432 3481 meo.
440 3431 489 3479 Hoc
497 3440 561 3478 certe
574 3428 634 3477 mihi
644 3428 703 3477 effe·
734 3427 821 3477 scholis
835 3431 1052 3497 interpretantium.
1070 3433 1118 3481 lam
1129 3434 1230 3499 primum

206 3514 701 3584 cissevideor,utllpistola,sicdisposita,
733 3515 770 3563 ita
792 3516 1159 3581 frequentius-describebantur.
1180 3519 1230 3582 Quo
1294 3527 1296 3532 '

156 3615 162 3622 ’
206 3607 253 3655 iam
273 3606 387 3655 facillime
407 3603 438 3653 ab
454 3601 563 3651 omnibus
579 3600 701 3665 intelliga-
732 3602 883 3666 frequentius
895 3613 975 3651 autem
988 3601 1114 3670 descripti,
1130 3603 1231 3652 boema-

206 3686 705 3758 tur.Iuquarenonvereornepaucosba·
737 3689 774 3753 gis
793 3690 899 3754 corrupti
914 3688 1048 3755 prodibant.
1070 3690 1140 3750 Pueri
1155 3689 1231 3738 multa

205 3776 301 3825 biturus
315 3780 358 3825 sim
373 3776 433 3825 mihi
444 3776 611 3824 assentientes:
625 3789 702 3839 neque
735 3772 765 3823 de
789 3773 845 3823 irte
869 3775 962 3824 Poetica
982 3793 1030 3824 non
1052 3773 1230 3840 intelligebant.

205 3873 286 3912 tamen
300 3861 396 3925 iisdem,
409 3859 560 3926 rogantibus,
574 3875 621 3925 quo
633 3856 702 3906 modo
733 3859 884 3908 Grammatici
894 3870 1019 3926 praecepte
1031 3870 1184 3926 excerpentes
1196 3862 1232 3910 fa·

207 3946 267 3995 haee
285 3945 388 4012 Epistola
405 3943 511 3994 versibus
526 3943 586 3993 adeo
602 3942 704 3992 turbatis
736 3944 818 3993 ciliora
840 3946 955 4009 primum,
978 3943 1062 3994 deinde
1079 3944 1231 4010 difficiliora,

207 4033 327 4097 corrumpi
342 4031 464 4096 potuerit,
486 4046 532 4078 non
547 4028 623 4078 habeo
640 4027 703 4095 quod
736 4027 901 4094 explicabant,
915 4028 1054 4094 dietabant,
1068 4030 1173 4082 ordinem
1191 4050 1232 4082 ro·

203 4116 366 4184 respondeam.
732 4113 870 4163 cabulorunr
885 4114 916 4164 ad
931 4116 1117 4182 intelligentiam
1133 4118 1230 4168 celeriu-
