3009 5000
517 479 577 543 An
609 426 828 543 elsdunu

160 681 331 747 275-280.
351 684 480 767 Ignotum
499 687 696 765 tragicae
715 685 821 764 nitique
839 684 980 746 cothurno.

160 786 330 848 220-224.
352 774 477 848 Carmine
495 790 544 868 qui
563 789 664 867 tragice
760 793 839 864 potus
856 795 884 845 et
901 788 986 849 exlex.

160 887 333 950 281-284.
353 890 486 950 Successit
501 898 578 948 retus
594 888 638 946 his
743 891 803 946 iure
821 889 948 948 nocendi.

161 990 332 1053 231-233.
353 993 467 1052 llffutire
483 992 555 1051 leves
660 988 820 1070 pudibunda
839 995 978 1070 protervis.
1069 1050 1072 1063 ,

161 1093 333 1155 225-230.
355 1096 456 1154 Verum
471 1098 509 1154 ita
524 1096 619 1151 risores
728 1101 756 1150 et
769 1095 859 1152 inanis
875 1103 973 1174 captet

162 1195 333 1258 244-250.
354 1197 434 1256 Silvis
449 1196 559 1256 deducti
577 1225 646 1238 ---
665 1193 799 1253 donantve
818 1214 922 1255 corone

87 1324 92 1333 ’
163 1298 333 1360 234-243.
354 1300 417 1359 Non
436 1319 485 1379 ego
501 1301 623 1357 inornata
730 1296 832 1355 accedit
851 1297 968 1357 honoris.

136 1475 139 1480 .
166 1399 335 1462 179—186.
355 1401 413 1462 Aut
429 1405 517 1482 agitur
534 1421 578 1458 res
594 1403 625 1458 in
640 1401 726 1458 scenis
829 1401 947 1460 nefarius
963 1401 1069 1461 Atreus.

164 1503 334 1565 338-340.
356 1504 430 1564 Ficta
445 1503 590 1582 voluptatis
606 1521 698 1562 caussa
803 1501 924 1562 extrahet
942 1502 1011 1563 alvo.

166 1604 334 1667 186-187.
355 1606 413 1667 Aut
432 1610 462 1664 in
476 1626 554 1665 arem
573 1584 642 1649 -ζ-
660 1602 815 1662 incredulus
833 1603 887 1663 odi.

164 1706 335 1768 341-346.
357 1708 499 1768 Centuriae
511 1710 649 1766 seniorum
747 1716 871 1787 prorogat
886 1727 992 1766 aerum.

186 1809 267 1870 42-
287 1808 335 1870 44.
357 1810 466 1870 Ordinis
484 1811 553 1869 haec
567 1812 652 1868 virtus
759 1812 790 1866 in
810 1817 917 1888 tempus
930 1811 1042 1869 omittet.

166 1911 337 1973 361-365.
359 1913 395 1972 llt
409 1917 513 1992 picture
531 1916 619 1992 poesis
721 1914 834 1990 repetite
849 1911 974 1990 placebit.

165 2012 335 2075 335-337.
357 2014 498 2095 Quidquid
512 2016 659 2094 praecipies
674 2044 691 2055 -
700 2044 743 2056 --
762 2021 869 2093 pectore
883 2022 983 2072 munet.

287 2113 335 2174 46.
356 2116 392 2175 In
408 2116 495 2175 verbis
515 2119 597 2175 etiam
613 2119 702 2174 tenuis
722 2124 871 2195 cautusque
887 2114 1015 2175 serendis.

288 2217 337 2278 45.
358 2219 415 2278 lloc
430 2227 516 2289 emet,
535 2217 589 2276 hoc
604 2226 712 2296 spernet
728 2221 852 2295 promissi
871 2221 996 2276 carminis
1015 2225 1115 2278 auctor.

188 2319 268 2380 47-
286 2318 337 2380 72.
357 2320 461 2380 Ilixeris
481 2323 670 2400 egregie
685 2336 780 2377 norma
796 2318 934 2399 loquendi.

168 2421 338 2484 189-201.
359 2422 434 2483 Neve
451 2427 541 2482 minor
557 2425 652 2505 quinto
671 2453 740 2469 ·-··
759 2421 865 2480 fortuna
884 2420 1015 2502 superbis.

188 2523 271 2587 89-
290 2524 340 2585 92.
360 2526 489 2586 Versibus
506 2530 604 2606 erponi
623 2528 729 2605 tragicis
835 2528 926 2583 sortita
942 2524 1075 2585 decenter.

187 2626 269 2688 86-
287 2625 337 2688 88.
357 2627 508 2707 Descriptus
524 2648 628 2687 serrare
643 2630 713 2685 vices
729 2660 747 2671 -
756 2660 800 2671 --
815 2617 918 2686 ducere
932 2626 1013 2686 malo.

137 2797 142 2810 „
186 2727 337 2789 93-113.
358 2729 501 2789 Interdum
516 2738 609 2788 temen
623 2760 691 2792 ---,
709 2727 867 2808 peditesque
883 2729 1055 2788 cachinnum.

169 2827 338 2891 153-157.
360 2831 401 2891 Tu
420 2830 487 2911 quid
503 2850 552 2910 ego
653 2833 766 2888 maturis
786 2829 891 2888 dandus
907 2839 935 2889 et
950 2834 1037 2889 annis.

166 2930 337 2995 309-322.
358 2933 498 2993 Scribeudi
517 2941 589 2992 recte
694 2952 837 3013 nugaeque
854 2952 973 2992 canorae

170 3034 339 3096 114-118.
361 3037 486 3096 Intercrit
503 3034 623 3093 multum
730 3056 766 3093 an
782 3033 871 3115 Argis.

128 3181 131 3185 ›
170 3136 339 3198 158-178.
360 3138 484 3199 Reddere
499 3141 548 3219 qui
564 3156 642 3196 voces
744 3136 913 3196 morabimur
927 3140 1004 3217 aptis.

169 3238 339 3301 285-288.
359 3239 407 3300 Nil
425 3245 588 3300 intentatum
690 3239 804 3299 docuere
824 3249 931 3320 togatas.
1002 3293 1005 3298 .

169 3340 338 3403 202-219.
358 3342 434 3402 Tibia
449 3363 505 3401 nou
521 3352 552 3401 ut
571 3362 648 3401 nunc
751 3346 884 3401 sententis
902 3341 1024 3424 Delphis.

169 3442 339 3505 289-294.
359 3445 416 3504 Nec
434 3448 534 3504 virtute
553 3445 621 3504 foret
723 3443 759 3504 ad
778 3465 907 3525 unguem.

168 3545 339 3608 251-269.
360 3546 470 3627 Syllaba
489 3547 568 3627 longa
669 3557 771 3606 versate
787 3546 893 3606 diurna.

170 3648 339 3710 323-324.
361 3649 449 3710 Graiis
464 3653 605 3730 ingenium
621 3682 638 3693 -
647 3682 690 3693 --
705 3649 809 3708 nullius
824 3653 917 3709 araris.
999 3729 1002 3734 ξ

169 3751 339 3828 270-274.
359 3751 397 3812 At
416 3755 500 3811 nostri
517 3755 609 3831 proavi
628 3755 697 3797 '--·
714 3751 844 3812 callemus
860 3764 888 3811 et
906 3772 978 3811 sure.

169 3852 340 3914 212-213.
362 3853 491 3913 indoctus
509 3853 577 3934 quid
596 3858 670 3913 enim
774 3858 859 3934 tmpis
877 3854 997 3913 honesto.

170 3954 340 4018 325-332.
362 3955 479 4015 Romani
498 3959 575 4036 pueri
677 3955 806 4015 servande
824 3975 957 4036 cupresso.
993 3953 997 3964 '

172 4057 342 4119 tlt-⁴415.
363 4060 417 4132 Qui
429 4058 519 4119 studet
535 4067 652 4139 optatam
755 4060 931 4140 extimuitque
949 4059 1114 4139 magistrum.

170 4160 340 4224 379-384.
361 4160 467 4223 Lndere
481 4165 530 4245 qui
545 4164 712 4221 nescit
729 4168 846 4221 remotus
855 4159 897 4242 ⁴ab
913 4161 995 4220 omni.
