3009 5000
276 485 316 546 66
542 486 758 547 nonnuli
789 486 1032 547 EPISTOLA

303 687 455 758 Perfidus
477 688 590 779 Ixion,
616 689 653 761 lo
675 711 777 782 rega,
802 687 907 758 tristis
930 687 1075 761 orestes.

269 910 356 976 Quodsi
370 912 480 962 Horatius
495 911 626 978 Hcthlipeiu
639 927 768 961 nonnmae-
801 928 871 969 meu3
899 912 940 962 sed
963 915 1106 962 sententiam
1129 928 1177 961 non
1201 912 1302 976 accipio.

268 1006 320 1060 eet,
340 998 419 1047 iacere
435 1000 566 1064 potuisset,
590 996 654 1064 qnod
673 996 773 1063 plurimi
804 996 908 1046 emittes
930 1001 1075 1047 Homericus
1094 1008 1129 1047 ert
1147 998 1216 1060 tolie,
1244 1014 1303 1063 que·

267 1083 770 1149 secere,eeriheneescripter,Meeereiem
800 1081 849 1130 lem
864 1083 977 1132 Homerus
993 1086 1117 1132 memoriae
1134 1082 1248 1150 prodidit.
1265 1082 1304 1131 Sic

266 1170 293 1217 ci
299 1168 371 1229 forte
386 1172 486 1235 reponio
497 1170 634 1221 Achillem:
650 1177 678 1216 ut
692 1170 772 1216 Petro-
802 1169 925 1218 Bentleiur
938 1172 988 1236 ipse
996 1171 1176 1236 interpretatur.
1186 1168 1232 1218 Sed
1239 1168 1304 1218 idem

266 1256 322 1304 niue
341 1255 420 1322 Satyr.
437 1273 489 1320 cap.
503 1256 529 1304 6.
551 1255 593 1303 det
606 1255 702 1318 primm
717 1269 771 1301 eer-
803 1253 885 1319 paullo
903 1265 958 1304 ente
973 1266 1038 1304 recte
1054 1255 1151 1319 docuit,
1172 1272 1218 1304 non
1236 1273 1303 1322 poree

265 1341 336 1389 silue
355 1357 432 1389 umnec
448 1340 635 1404 Maeoniumque
651 1339 770 1399 hihutse·
801 1337 842 1387 hic
854 1339 972 1389 Achillem
983 1340 1225 1407 epithetoinrigniri,
1239 1340 1304 1407 qued

265 1427 312 1475 teet
330 1434 431 1491 pectore
447 1425 554 1486 fontem.
587 1424 727 1491 Exemplum
750 1441 767 1472 a
798 1425 921 1491 ingenium
946 1428 998 1476 eius
1019 1435 1044 1475 et
1065 1425 1169 1474 indolem
1186 1436 1302 1476 monstrat

263 1511 373 1560 Bentleio
394 1528 425 1561 ex
443 1511 576 1561 conlectis.
589 1512 693 1576 Priapeia
711 1509 764 1559 lau·
782 1520 822 1559 'et
845 1511 940 1560 format.
975 1512 1003 1560 ln
1024 1528 1072 1578 qua
1095 1514 1302 1577 argumentatione

264 1595 362 1660 dotum,
389 1599 430 1649 vix
450 1597 528 1646 locum
548 1596 653 1662 exempli
674 1605 766 1645 tuetur.
799 1596 837 1644 vir
857 1613 955 1663 magnus
976 1596 1089 1648 sibinen
1107 1599 1223 1646 constitit.
1243 1597 1303 1647 Nam

263 1682 321 1731 Nem
337 1684 454 1749 scriptura
470 1693 506 1732 eet
521 1681 621 1732 inHSS.
638 1680 765 1731 admodum
797 1683 819 1731 ei
838 1680 944 1731 Achilles
967 1684 1113 1732 Henrere'eeee
1135 1693 1185 1746 eet,
1207 1682 1301 1748 qualem

262 1767 343 1819 dubia.
361 1769 389 1818 ln
405 1770 488 1835 primic
504 1766 649 1818 editionibue
667 1765 764 1833 legebo·
795 1768 910 1816 Homerus
933 1771 1058 1820 memoriae
1080 1768 1200 1835 prodidit,
1219 1766 1300 1817 lehit-

262 1864 303 1905 tnr
320 1856 449 1905 Oeootitee'
462 1870 583 1916 meracae,
597 1852 660 1903 nnde
671 1852 760 1915 hldue,
793 1852 829 1901 lec
843 1854 981 1903 Homericus
997 1864 1032 1903 ert
1052 1856 1177 1921 impiger,
1198 1856 1300 1903 irocrm·

263 1942 393 2004 Cmtatite',
416 1941 587 2002 ‘Ilornereeoe,
615 1948 640 1987 et
659 1938 765 2003 Scaliger
797 1938 844 1987 dee
866 1946 892 1987 et
912 1955 977 1988 acer.
999 1940 1122 1990 Bentleiue
1138 1943 1214 2006 igitur
1228 1941 1302 1991 Hore-

263 2027 389 2087 Cormte'te',
399 2026 571 2074 IIomerioeee:
586 2024 612 2072 in
625 2022 688 2073 MSS.
702 2031 768 2086 erat,
802 2025 863 2072 tium
879 2025 940 2073 iecit
957 2023 1058 2074 menrde
1075 2024 1206 2075 dicentem:
1227 2028 1249 2075 ei
1263 2042 1303 2075 re·

266 2111 354 2159 Cherr'c
374 2125 497 2170 meracae,
524 2109 767 2170 comsummetur,
801 2110 869 2173 ponis
890 2108 1009 2158 Achillem
1028 2111 1191 2175 Homericum,
1212 2128 1301 2178 repone

262 2198 356 2245 eorem
370 2196 512 2258 meruehue,
535 2194 626 2258 Corpori
637 2207 764 2257 coercear,
797 2194 960 2257 Homericum,
985 2195 1024 2244 vel
1045 2197 1067 2245 ei
1084 2197 1180 2263 reponio
1201 2197 1301 2245 iracun-

263 2283 337 2331 Oore'e
355 2296 478 2344 meracae,
502 2281 632 2329 Constitui
655 2286 763 2329 aeratae.
796 2281 868 2344 dum,
891 2298 980 2347 repone
995 2283 1150 2333 iracundum.
1181 2283 1300 2349 Sequere,

261 2368 319 2419 Vide
327 2370 454 2418 Burmann.
463 2366 494 2416 ad
501 2364 597 2416 lnthol.
612 2367 663 2415 Lnt.
674 2364 700 2415 T.
709 2366 729 2415 l.
738 2382 764 2432 p.
797 2368 877 2432 inquit
884 2368 1000 2429 sumom5
1017 2370 1081 2435 finge
1096 2368 1228 2434 Achillem,
1241 2385 1300 2436 qur·
1344 2428 1346 2435 ἲ

261 2455 319 2504 68⁰.
336 2455 480 2519 Quemquam
492 2453 569 2517 igitur
584 2450 718 2500 verosimile
734 2452 767 2501 eit
798 2451 847 2501 lem
863 2468 917 2501 eum
930 2454 1005 2504 iniere
1017 2454 1095 2517 fame,
1111 2472 1141 2506 ex
1157 2454 1301 2506 cermiuihue

261 2543 288 2590 iu
308 2541 355 2589 icto
378 2541 550 2605 Epigrammate
569 2544 690 2585 auctorem
708 2537 766 2586 ecri-
797 2538 984 2602 antiquissimis,
1017 2542 1159 2606 accepimus.
1190 2539 1236 2589 Uhi
1269 2541 1300 2592 de

261 2626 334 2692 peiere
350 2625 482 2673 memmae
496 2620 536 2670 rel
549 2621 712 2670 [Immemores
726 2636 769 2669 uo·
800 2619 894 2669 Achille
917 2624 1014 2689 agitur,
1043 2627 1125 2675 statim
1148 2625 1245 2692 quidem
1269 2626 1300 2678 de

262 2720 317 2774 tue,
333 2726 380 2759 non
392 2711 428 2759 ite
442 2717 533 2757 certum
545 2715 595 2769 eet,
610 2714 639 2756 ut
651 2721 715 2756 uene
727 2722 768 2755 vo·
799 2723 914 2773 praecone
929 2707 1030 2763 hchillie
1042 2710 1141 2760 Homero
1154 2714 1299 2778 cogitemus,

262 2796 343 2846 rabuli
357 2795 435 2845 adhoc
450 2811 498 2843 nou
517 2792 579 2843 elihi
599 2793 693 2842 inventi
710 2790 767 2842 inde
799 2791 841 2842 red
855 2810 941 2842 nomen
956 2794 1051 2846 Homeri
1066 2814 1113 2846 uon
1132 2796 1205 2848 dehet
1220 2802 1299 2867 expri-

262 2882 384 2950 prohctur.
407 2882 498 2930 Certior
515 2879 638 2946 aliquanto
652 2888 687 2927 eet
703 2877 765 2928 alte-
795 2880 837 2928 mi.
861 2879 918 2944 Quia
938 2881 1061 2932 Pimnihur
1080 2882 1126 2933 hoe
1147 2897 1299 2953 praeceptum

261 2986 316 3022 rum
339 2967 475 3035 exemplum
489 2976 574 3032 poetae
590 2965 678 3030 ignoti,
697 2965 766 3014 cuine
798 2963 854 3014 dere
878 2965 993 3016 auderet:
1019 2969 1041 3017 ri
1063 2968 1183 3021 hchillem
1204 2973 1299 3039 reponio

263 3058 408 3121 epigramma
419 3053 483 3102 idem
493 3054 619 3100 Burmann.
633 3050 658 3098 in
666 3048 763 3099 trehet.
796 3050 957 3111 Homericum
976 3054 1090 3104 Homerus
1103 3073 1157 3105 eum
1174 3059 1234 3108 lecit
1246 3060 1299 3107 iro·

261 3118 325 3190 r.⁰1.
344 3156 399 3206 pag.
413 3141 471 3189 aee.
494 3136 583 3187 eone:
613 3135 675 3183 rao
690 3136 766 3199 cyre
797 3135 926 3186 mmm?
936 3140 1007 3203 oum
1023 3142 1126 3191 eumne
1137 3143 1233 3193 nomn
1248 3145 1299 3194 em-

260 3227 327 3275 cere'o
349 3227 393 3290 qui
412 3221 689 3286 murmuratricem
706 3222 763 3269 Mc·
794 3224 1297 3290 q'unmllomano,hiueeecoleuti‚iuireent

261 3314 315 3374 ior,
333 3313 465 3358 Hmnerceo
478 3324 528 3357 mon
542 3308 623 3355 minor
638 3322 678 3356 ore
687 3306 763 3370 fluit.
795 3308 923 3373 incognito.
946 3309 1020 3374 Quid,
1045 3310 1108 3378 quod
1125 3311 1198 3362 verbe
1218 3314 1244 3362 ci
1259 3328 1298 3362 re·

262 3399 299 3446 lor
314 3394 440 3463 legehatur
452 3397 477 3444 in
492 3392 547 3442 (iod.
562 3393 679 3441 tomiano.
697 3394 763 3457 Quae
790 3395 867 3458 poetic
886 3394 1008 3445 Achillem
1027 3398 1172 3446 Hectoreum
1193 3396 1239 3447 hoo
1255 3415 1297 3466 po·

260 3483 531 3546 rimenureitpoetae,
544 3477 692 3527 minuebenc
705 3478 763 3527 reri·
794 3480 844 3529 tine
867 3481 1017 3546 aigniticent:
1047 3485 1070 3532 ei
1092 3493 1146 3549 poet
1169 3483 1296 3536 Homerum

262 3571 311 3635 prii
335 3569 483 3629 Horrorem,
508 3565 566 3631 quin
589 3573 625 3613 est
647 3563 762 3613 Graecum
793 3567 859 3613 cauis
873 3565 1003 3631 Achillem,
1019 3567 1169 3618 rihchillem
1182 3570 1242 3620 secie
1258 3588 1296 3622 rr·

262 3650 409 3722 ’θμῆρυος
427 3667 474 3700 non
494 3646 650 3717 Ὀμήραιος.
678 3650 766 3698 Ileme·
797 3662 937 3716 gumentum
952 3654 1061 3701 caminia
1076 3652 1181 3717 heroici,
1195 3658 1296 3709 utfecit

262 3758 336 3791 rueret
354 3739 413 3789 mihi
429 3733 501 3787 etiem
517 3737 592 3801 mugio
607 3735 711 3784 alienum
727 3737 762 3784 vi·
793 3736 914 3787 Homeros.
936 3738 975 3787 Sic
986 3738 1058 3786 Ver-ro
1069 3738 1195 3804 Atacinus,
1208 3753 1238 3792 ot
1250 3743 1295 3792 hoc

262 3826 347 3890 detur,
361 3839 431 3893 quarn
439 3823 584 3883 umere,
598 3819 763 3886 quodOuden·
794 3831 866 3885 utar,
900 3825 1006 3889 reposuit
1039 3823 1144 3875 leronem
1175 3828 1296 3895 Apollonii

263 3912 361 3978 dorpine
376 3913 401 3961 in
416 3909 526 3959 Suetonii
539 3907 629 3956 Nerone
650 3908 762 3972 capuli,
794 3907 890 3958 Rhodii.
914 3910 1035 3958 Enimuero
1059 3909 1170 3961 Horatiur
1189 3931 1237 3963 nou
1259 3915 1295 3964 lo·

263 4013 293 4045 ex
306 3997 367 4046 HSS.
382 3994 666 4061 ediditprollomere'cue.
679 3992 764 4057 Quem·
795 3996 878 4059 quitur
895 3993 924 4043 de
939 3994 1044 4044 Carmine
1060 3996 1144 4062 Epicu,
1161 3998 1203 4049 red
1214 4000 1295 4066 Tragi-

257 4095 335 4148 -qurm
347 4084 423 4148 igitur
435 4082 569 4129 Homerum
580 4095 628 4127 non
642 4076 704 4127 odeo
714 4092 765 4126 cer·
797 4094 838 4141 co,
853 4077 918 4144 quod
932 4095 986 4128 curn
999 4097 1029 4130 ex
1040 4079 1094 4129 loco
1106 4084 1227 4144 universo,
1241 4093 1292 4132 turn

257 4177 313 4218 tem
328 4164 417 4216 haheat
431 4168 609 4227 autoritatem,
622 4164 714 4229 occipio
725 4172 763 4212 ta-
795 4180 823 4212 ex
845 4166 950 4229 perronio
970 4164 1079 4229 Medeae,
1100 4166 1170 4228 Inue,
1189 4167 1291 4231 Ixiouie,
