3009 5000
244 442 296 511 ,68
521 444 733 507 nonnul!
764 446 1013 507 Erlsuuun

288 645 427 717 Rectius
446 647 585 718 iliacum
605 670 742 727 carmen
765 646 903 719 deducis
927 648 962 718 in
984 655 1100 739 actus,

250 885 336 935 quarm
359 885 419 935 quae
437 880 522 935 patent
537 869 658 930 omnibus3
676 886 758 937 quem-
790 886 820 918 ex
833 869 922 932 iliade,
937 870 976 919 vel
992 871 1040 920 alio
1057 869 1165 935 exemplo
1178 872 1224 918 iam
1238 879 1286 918 tra·

251 953 377 1003 admodum
393 953 475 1004 domus
491 967 534 1005 aut
551 975 607 1023 ager
619 958 670 1006 siue
684 956 757 1005 domi-
789 964 860 1004 ctato.
883 954 981 1004 Publica
1002 966 1038 1005 est
1055 957 1099 1005 illa
1117 966 1142 1004 et
1158 957 1286 1004 communis

251 1056 282 1089 no
296 1042 425 1090 eommunia
439 1052 489 1106 est,
505 1052 632 1108 occupatus
644 1043 758 1090 veroium
790 1043 913 1102 materies,
936 1042 1064 1089 communis
1089 1042 1154 1103 lons,
1180 1041 1242 1089 unde
1262 1049 1287 1089 et
1307 1024 1309 1026 V

251 1128 363 1191 proprius
383 1128 425 1185 fin
444 1129 479 1176 ita
496 1137 520 1175 et
532 1144 571 1175 res
586 1126 680 1175 anullo
693 1125 758 1173 dicta
790 1135 818 1173 tu
833 1124 929 1174 haurire
943 1128 1027 1191 possis,
1045 1143 1165 1175 commuue
1178 1137 1286 1191 pratum,

252 1214 414 1263 eommuair.”
430 1212 498 1261 Vides
511 1211 630 1277 duplicem
646 1219 671 1258 et
683 1210 755 1276 plane
787 1210 850 1259 unde
872 1221 897 1260 et
921 1211 967 1259 tibi
987 1211 1057 1260 flores
1078 1211 1203 1278 decerpere
1219 1213 1286 1261 licet.

252 1299 393 1347 contrarium
400 1298 554 1359 seutentiam,
564 1297 757 1344 emnmuniaeese
790 1296 912 1344 Personam
926 1297 996 1362 plane
1006 1313 1103 1360 novam,
1118 1296 1211 1363 aliquid
1220 1314 1287 1346 num·

250 1385 382 1431 materiam
397 1383 427 1429 ab
442 1382 505 1430 aliie
520 1382 670 1444 descriptam
685 1390 711 1429 et
725 1382 755 1428 ad
787 1397 857 1447 quam
879 1392 1003 1447 expertum
1025 1393 1049 1430 et
1068 1392 1187 1432 tentatum
1205 1400 1287 1433 scenae

250 1469 313 1516 aliie
327 1482 373 1515 noa
390 1467 547 1531 demsiptam.
570 1466 680 1531 Plerique
696 1469 751 1514 novi
783 1469 945 1530 committere,
968 1478 1004 1516 est
1022 1470 1182 1517 temerarium.
1209 1470 1286 1533 Haec,

251 1555 408 1618 interpretes,
424 1554 472 1601 nisi
484 1569 575 1614 omues,
589 1552 711 1617 occipiunt
725 1551 754 1600 de
787 1562 860 1618 puto,
878 1562 914 1601 est
923 1553 970 1601 loci
985 1556 1111 1603 sententia.
1133 1556 1193 1617 Quia
1206 1564 1287 1602 autem

250 1640 349 1687 materia
363 1637 467 1686 nondum
480 1655 494 1685 a
507 1653 625 1703 quoquam
640 1647 751 1701 tractata,
785 1646 834 1687 tam
855 1641 1006 1688 temerarium
1024 1650 1061 1688 est
1076 1641 1182 1705 proferre
1198 1642 1287 1705 ignota

252 1722 328 1791 quae,
345 1734 462 1791 tamquam
478 1725 504 1772 iu
519 1723 701 1772 looocommuni
714 1741 756 1789 po·
788 1733 813 1772 et
834 1724 944 1786 indicta,
975 1724 1029 1773 ideo
1050 1724 1159 1774 Horatius
1183 1725 1246 1773 dixit
1261 1725 1288 1772 ei

251 1812 315 1871 sita,
339 1827 354 1858 a
369 1808 478 1876 quolibet
493 1810 547 1874 capi
560 1818 585 1857 et
602 1808 657 1857 tolli
669 1810 751 1874 possit.
786 1809 868 1857 audeo.
896 1810 945 1857 lam
969 1809 1065 1875 linguae
1090 1810 1283 1860 consuetudinem

252 1895 380 1960 Sequentia
395 1895 487 1944 Horatii
502 1893 574 1942 verba
590 1910 632 1941 nos
648 1895 698 1942 fere
715 1895 751 1942 ita
783 1902 878 1958 specta,
911 1905 936 1942 et
964 1911 1110 1944 cornmunem
1136 1899 1284 1960 materiam,

251 1982 371 2046 explicare
380 1990 483 2045 *coguut
505 1981 564 2028 Nam
580 1981 601 2027 si
616 1980 753 2026 communia
784 1994 906 2027 commune
918 1988 1090 2044 argumentum
1103 1984 1235 2047 significare
1251 1984 1287 2031 vi·

252 2075 331 2115 essent
352 2067 403 2113 ium
423 2067 453 2113 ab
474 2067 537 2114 aliis
554 2072 676 2126 tractata,
698 2062 755 2112 sub·
787 2062 854 2112 deliis
877 2065 903 2112 id
926 2067 989 2128 quod
1006 2083 1022 2113 a
1042 2068 1131 2116 maltis
1153 2075 1288 2116 tractatum

250 2153 319 2218 iungi
339 2168 386 2200 uon
406 2161 516 2217 poterunt
536 2153 597 2199 ista:
614 2150 649 2198 Tu
664 2151 754 2198 reetins
786 2158 839 2213 ost,
863 2152 903 2198 cui
918 2152 1046 2222 opponitur
1058 2154 1205 2216 proprium,
1222 2155 1288 2201 iate·

250 2239 360 2302 aequoria
388 2252 486 2285 cumaea
514 2238 636 2298 Ιίἰαετινη,
663 2236 753 2301 quippe
782 2251 871 2301 gnam,
889 2238 1026 2299 intactum,
1041 2254 1141 2301 noema,
1155 2240 1287 2289 indictum.

250 2323 314 2390 quod
330 2326 376 2372 iam
388 2323 501 2372 Homerus
515 2324 663 2383 tractaverit,
681 2337 751 2387 quam
784 2321 902 2387 Meleager
917 2324 943 2371 in
960 2339 1068 2372 coronam
1084 2323 1145 2390 legit
1157 2324 1228 2374 ssores
1243 2341 1288 2373 uu·

250 2410 410 2475 siproserree
428 2409 518 2473 primns
535 2409 624 2472 ignoto
644 2414 670 2454 et
686 2407 754 2454 iadi—
786 2405 858 2472 dique
883 2425 913 2455 ex
932 2418 1040 2456 ueterum
1057 2409 1133 2457 hortis
1149 2408 1287 2476 decerptor,

249 2504 298 2545 otu.
315 2493 361 2543 Sed
374 2503 486 2560 apparet,
501 2491 584 2555 credo,
597 2481 645 2544 uon
658 2501 751 2540 mutum
785 2501 809 2540 et
830 2490 904 2540 dixit:
931 2493 1044 2551 μύσταις
1070 2493 1167 2552 Κοινὸς
1193 2494 1207 2543 ὁ
1232 2496 1288 2546 τῶν

250 2600 280 2631 ex
296 2590 345 2629 tota
362 2580 415 2629 loci'
424 2580 556 2640 sententia,
573 2575 614 2625 sed
630 2578 703 2625 etiam
720 2593 749 2625 ex
783 2575 912 2626 Μουσέων
936 2577 1060 2644 ἡδυεπὴς
1079 2580 1216 2638 στέφανος.
1242 2582 1287 2632 cni

247 2669 343 2733 linguae
357 2663 538 2727 cousuetudine,
552 2664 689 2711 ammonia
701 2679 748 2711 uon
781 2661 845 2710 dicto
861 2662 949 2712 similia
962 2663 1077 2729 quaedam
1099 2669 1222 2715 annotavit
1233 2667 1286 2716 lal-

249 2770 316 2819 pouse
332 2753 422 2816 accipi,
438 2752 484 2799 uisi
500 2748 529 2798 de
542 2751 650 2797 materia
662 2750 747 2814 vulgo,
780 2747 890 2797 ckeuaer.
908 2748 938 2798 ad
955 2751 1034 2815 Eurip.
1060 2752 1155 2817 Hippol.
1177 2770 1211 2803 vs.
1236 2740 1301 2818 73,x

251 2857 267 2888 a
278 2839 413 2904 plurimis,
428 2844 545 2885 tractatu.
562 2836 618 2883 Loci
634 2836 752 2883 sententia
785 2832 903 2882 πλεκτὸν
937 2836 1067 2893 στέφανον
1096 2837 1123 2892 ἐξ
1152 2839 1287 2906 ἀκηράτου

249 2925 309 2975 haec
327 2934 374 2972 est:
391 2923 417 2970 Si
430 2924 548 2970 inveneris
563 2936 698 2987 personam,
715 2937 753 2967 ar·
786 2917 920 2980 λειμῶνος.
947 2922 1065 2971 luvenalis
1077 2924 1154 2991 Satyr.
1177 2926 1231 2988 Vll,
1245 2927 1286 2975 63.

197 3071 204 3082 ¹
250 3020 388 3076 gementum
414 3008 575 3073 Tragoediae,
601 3022 699 3071 sequere
723 3006 749 3053 in
781 3004 903 3054 Horatium
920 3009 1051 3072 respexisse
1064 3009 1170 3059 videtur:
1187 3012 1236 3060 Sed
1246 3026 1288 3059 au·

251 3093 372 3146 formando
396 3094 463 3142 illius
487 3092 622 3141 charactere
645 3100 750 3139 veterem
784 3098 833 3138 tem
854 3094 996 3157 egregium,
1016 3096 1059 3143 cui
1076 3099 1174 3145 nonsit
1185 3099 1287 3162 publiea

251 3182 391 3242 Historiam,
420 3180 559 3240 Homerum,
589 3177 693 3244 Cyclicos
726 3186 752 3224 et
784 3192 859 3238 uena,
882 3178 933 3235 Qut
947 3181 989 3226 nil
1002 3183 1141 3245 expositum
1156 3185 1234 3231 oolam
1248 3182 1287 3229 ds-

251 3269 372 3333 Tragicos:
390 3265 442 3326 vel,
456 3265 562 3313 simutas
570 3279 682 3329 personae
699 3271 755 3310 tuae
787 3262 890 3324 deame,
920 3280 963 3312 aee
988 3268 1032 3329 qui
1057 3268 1184 3315 Cmamum'
1201 3268 1288 3327 serint

251 3353 427 3412 characterem,
448 3352 481 3398 sio
503 3358 582 3411 muta,
604 3357 633 3396 ut
654 3364 754 3413 persona
785 3362 882 3395 eumen
903 3351 1008 3399 triviale
1026 3360 1131 3401 moneta.
1154 3350 1286 3416 inquibus

253 3438 300 3489 sihi
322 3438 453 3485 conveniat.
475 3435 501 3483 Si
517 3451 572 3483 vero
588 3450 665 3499 neque
684 3432 754 3482 iudu-
781 3434 884 3497 publica
900 3444 926 3482 et
936 3438 1070 3485 carantanis
1086 3434 1183 3484 eandem
1196 3435 1287 3486 halieut

251 3541 304 3574 cere
328 3522 389 3570 velis
410 3536 533 3586 personam
556 3520 647 3581 talem,
674 3517 753 3584 qualis
785 3519 994 3583 significationem
1005 3532 1030 3569 et
1043 3522 1182 3586 sepositam
1194 3521 1287 3589 aliquid

250 3612 297 3660 iam
311 3608 426 3656 adraecis
441 3615 544 3654 tractata
556 3615 605 3668 est,
619 3620 697 3670 neque
713 3603 754 3652 hie
786 3605 899 3654 dedicere
923 3608 999 3655 refert
1019 3606 1081 3655 illud
1097 3608 1211 3656 dedecuere
1232 3624 1287 3658 σαν-

252 3696 304 3745 illic
323 3710 338 3741 a
360 3702 384 3740 te
400 3701 529 3754 mutatam,
551 3689 593 3740 sed
608 3689 695 3739 audeus
710 3690 755 3738 iin-
786 3693 962 3740 maniliacum
977 3694 1006 3739 in
1021 3699 1100 3740 aram.
1125 3691 1158 3741 ilc
1174 3696 1234 3743 scire
1246 3710 1287 3744 ve·

253 3796 308 3846 gere
322 3779 393 3844 plane
409 3792 506 3839 novam,
528 3777 637 3842 inprimis
653 3777 709 3823 cu'ra
724 3785 753 3824 ut
784 3775 842 3838 lim,
864 3775 909 3825 uhi
932 3777 1067 3825 exstiterint
1088 3777 1131 3826 illa
1152 3783 1287 3829 commuuio

254 3866 375 3916 character
399 3879 472 3912 novae
493 3862 561 3911 illiue
585 3878 697 3926 personae
721 3860 753 3910 ad
784 3860 1008 3927 argumenta‚unde
1022 3863 1074 3926 poti
1087 3873 1112 3912 et
1125 3865 1222 3915 formari
1234 3876 1287 3933 pot=

253 3954 327 4002 imum
342 3960 461 4012 servetur,
475 3947 553 4014 qualia
568 3947 598 3995 alr
615 3949 685 3996 initio
701 3964 755 4013 pro-
787 3949 867 3995 uerint
883 3962 958 3994 novoe
975 3948 1042 3996 iotae
1061 3965 1075 3997 a
1091 3952 1185 4000 nemine
1208 3950 1286 4000 adhue

253 4036 358 4087 cesserit.
380 4033 427 4083 Sed
446 4035 535 4083 rectius
555 4035 660 4100 sequeris
675 4042 757 4082 vetera
790 4041 903 4080 tractatae
930 4035 1063 4098 perronae?
1094 4035 1164 4084 Nulla
1187 4036 1286 4085 historia

255 4120 377 4186 exempla,
400 4128 425 4168 et
440 4120 515 4169 facies
532 4118 677 4185 tragoediam
694 4136 716 4167 v.
731 4133 752 4166 o.
786 4115 924 4180 praebebat.
957 4119 1044 4169 Graeca
1078 4130 1130 4170 erat
1161 4120 1284 4171 exhaustu.
