3009 5000
278 467 339 530 2³0
541 466 754 531 HORATII
784 467 1031 530 EPISTOLA

279 667 450 730 251-262.
471 668 582 752 Syllaba
600 668 680 749 longa
784 672 897 729 mimine
915 675 997 751 turpi

299 770 382 832 79-
400 770 450 832 82.
471 772 667 833 Ambiloohnm
685 775 794 852 proprio
898 773 979 834 rebua
998 775 1117 856 agendii.

280 873 452 935 275-288.
472 876 603 956 Ignotum
621 877 736 955 tragicae
841 874 956 936 docuere
974 886 1084 959 togatae.

281 975 452 1037 202-224.
474 977 551 1038 Tibia
569 998 639 1049 non,
660 986 693 1035 ut
711 997 787 1036 nune
890 987 969 1058 potui
988 990 1015 1040 et
1033 980 1117 1042 exlex.

281 1078 452 1140 385-386.
473 1080 515 1141 Tu
534 1080 606 1139 nihil
625 1083 712 1140 inrita
728 1112 798 1126 --·
817 1102 848 1140 ea
866 1102 1019 1142 mene....

280 1180 452 1241 309-311.
473 1182 615 1243 scribendi
634 1192 706 1243 reete
812 1203 870 1242 non
887 1187 972 1244 inrita
988 1195 1143 1267 aequentur.

281 1282 452 1346 oto-«384.
474 1286 580 1346 Lude-e
598 1289 648 1367 qui
665 1290 751 1345 neeeit
770 1318 838 1332 -·-
857 1296 975 1346 remotua
994 1287 1029 1347 ab
1047 1294 1130 1349 omni.

281 1384 451 1447 412-418.
473 1389 527 1461 Qui
545 1387 636 1447 studet
655 1397 775 1467 optatam
879 1395 984 1450 neeoire
1001 1391 1087 1452 fateri.

301 1488 383 1549 86-
402 1487 451 1549 88.
473 1489 624 1570 lleeoriptaa
644 1512 749 1550 servare
768 1495 840 1551 vioeo
947 1492 1049 1552 dieoere
1063 1495 1144 1555 malo.

279 1589 450 1651 263-274,
472 1593 535 1651 Non
554 1595 643 1674 quivia
661 1592 735 1652 videt
843 1592 973 1653 callemus
993 1604 1021 1653 et
1039 1617 1111 1655 aure.

280 1692 451 1753 323-332.
473 1695 560 1754 Graiis
580 1698 721 1775 ingenium
827 1680 958 1756 servanda
977 1716 1110 1776 onpreeoo.

279 1795 449 1856 453-476.
472 1797 509 1856 Ut
527 1797 600 1856 mala
619 1818 703 1878 quem
721 1796 824 1856 aoaliiee
928 1798 1010 1878 plena
1024 1805 1125 1861 eruoria
1144 1803 1251 1864 hirudo.

279 1897 450 1959 295-308.
472 1899 619 1979 Ingenium
637 1902 735 1958 miaera
841 1919 897 1980 quo
915 1900 983 1960 ferat
1001 1921 1082 1961 error.

300 2000 382 2062 38-
402 2000 451 2062 41.
472 2002 577 2062 Sumite
595 2005 736 2061 materiam
841 2001 948 2061 lucidus
967 2003 1042 2064 ordo.

401 2102 452 2164 23.
473 2097 598 2184 llenique
616 2107 651 2161 eit
670 2102 786 2183 quodvis
804 2104 921 2182 simplex
937 2105 1067 2166 duntamt
1085 2117 1112 2166 et
1129 2130 1225 2169 unum.

321 2204 382 2264 1-
422 2202 451 2265 9.
472 2205 599 2265 Humano
618 2207 699 2283 capiti
806 2204 934 2265 reddatur
951 2207 1053 2269 formae
1062 2253 1146 2269 .....

282 2306 453 2369 149-150.
474 2308 509 2369 Et
528 2328 599 2390 quae
617 2307 740 2387 desperat
760 2339 829 2352 ---
848 2307 978 2391 relinquit
988 2353 1074 2371 .....

402 2410 450 2471 45.
472 2410 530 2470 lloo
548 2420 635 2481 amet,
656 2410 709 2469 hoo
729 2419 838 2490 spernat
854 2415 979 2490 promiooi
993 2417 1120 2475 carminis
1138 2426 1237 2477 auctor.
1291 2432 1296 2443 ’

298 2512 380 2574 42-
400 2513 450 2574 44.
471 2514 581 2573 Ordinis
598 2513 667 2572 haee
684 2516 771 2571 virtue
877 2524 984 2595 tempus
1004 2520 1116 2578 omittat.

398 2614 448 2678 92.
468 2614 581 2695 Singula
600 2634 725 2695 quaeque
744 2613 836 2672 locum
852 2624 962 2675 teneant
980 2622 1072 2678 sortita
1091 2620 1222 2682 decenter.

293 2713 377 2777 29-
396 2716 445 2778 ³0.
468 2720 523 2793 Qui
541 2720 644 2776 uariare
662 2719 739 2795 eupit
844 2716 973 2778 flnotibm
991 2742 1096 2801 aprum.

295 2818 379 2881 32-
398 2819 447 2881 37.
469 2803 621 2880 Aemilium
640 2821 710 2878 oiroa
728 2817 829 2877 ludum
847 2851 917 2865 -·-
934 2824 1067 2905 nigroque
1085 2826 1191 2905 oapillo.
1209 2865 1212 2872 ,

298 2922 380 2983 14-
398 2920 448 2982 22.
470 2922 590 3003 Inoeptie
609 2920 734 3002 grarihm
841 2942 890 2981 our
908 2943 1005 2984 uroeue
1023 2929 1085 2986 erit

278 3024 449 3087 128-130.
470 3024 587 3085 lliffieile
604 3032 645 3083 eet
664 3054 735 3067 ---
751 3022 907 3105 indictaque
923 3030 1036 3106 primus.

275 3127 448 3189 240-243.
469 3128 511 3188 Ex
530 3136 595 3186 noto
613 3126 710 3185 fiotum
729 3156 799 3169 ---
816 3127 919 3186 aooedit
937 3128 1055 3190 honorio.

278 3227 448 3291 131—149.
470 3229 584 3290 Publica
602 3230 726 3287 materies
832 3229 982 3291 auditorem
1000 3237 1071 3313 rapit
1079 3276 1163 3294 .....

278 3329 449 3392 151-152.
470 3331 562 3412 Atque
579 3334 617 3389 ita
636 3333 769 3388 mentitur
866 3352 902 3390 ne
921 3331 1053 3414 dieorepet
1069 3338 1164 3394 imum.

276 3431 448 3494 338-340.
470 3434 543 3493 Ficta
563 3432 706 3511 voluptatis
726 3453 819 3492 canora
925 3435 1046 3495 extrahat
1060 3437 1130 3498 alvo.

277 3517 447 3596 317-322.
469 3537 613 3615 Respicere
632 3534 770 3613 exemplar
875 3556 1017 3617 nugaeque
1034 3558 1154 3599 canorae.
1192 3573 1197 3582 v

276 3636 446 3701 101-127.
468 3639 504 3698 Ut
522 3636 673 3696 ridentibua
693 3637 813 3696 arrident
830 3669 900 3682 ---
919 3625 948 3698 et
964 3639 1017 3698 eibi
1035 3615 1147 3701 donetet.

152 3760 157 3771 ·
277 3740 447 3801 312-316.
470 3742 523 3816 Qui
543 3740 639 3799 didicit
657 3743 758 3818 patriae
776 3744 1048 3802 uaeoonvenientia
1066 3749 1173 3826 ouique.
1237 3757 1241 3764 “

279 3841 446 3903 175-178.
469 3843 553 3903 llulta
573 3843 664 3902 ferunt
682 3845 747 3900 anni
851 3843 1017 3903 morabimur
1035 3850 1113 3925 aptit.

279 3944 448 4007 153-174.
469 3946 510 4006 Tu
528 3945 595 4026 quid
612 3965 661 4024 ego
677 3954 704 4003 et
719 3944 836 4024 populus
939 3951 1133 4031 eaatigatorque
1147 3953 1294 4011 minorum.

276 4047 445 4109 ooo-337.
466 4048 524 4109 Aut
542 4048 668 4129 prodesse
773 4047 809 4107 de
826 4058 932 4138 peotore
951 4059 1050 4111 manat.

274 4149 445 4211 341-346.
467 4151 609 4212 Centuriae
627 4153 765 4211 emiorum
783 4183 826 4198 --
837 4183 854 4198 -
871 4163 995 4232 prorogat
1012 4169 1118 4214 aevum.
