<?xml version="1.0" encoding="UTF-8"?>
<!DOCTYPE html PUBLIC "-//W3C//DTD XHTML 1.0 Transitional//EN"
    "http://www.w3.org/TR/xhtml1/DTD/xhtml1-transitional.dtd">
<html xmlns="http://www.w3.org/1999/xhtml" xml:lang="en" lang="en">
 <head>
  <title>
</title>
<meta http-equiv="Content-Type" content="text/html;charset=utf-8" />
  <meta name='ocr-system' content='tesseract 3.04.00' />
  <meta name='ocr-capabilities' content='ocr_page ocr_carea ocr_par ocr_line ocrx_word'/>
</head>
<body>
  <div class='ocr_page' id='page_1' title='image "./qhoratiiflaccie00peergoog_0037.png"; bbox 0 0 3009 5000; ppageno 0'>
   <div class='ocr_carea' id='block_1_1' title="bbox 269 448 1017 516">
    <p class='ocr_par' dir='ltr' id='par_1_1' title="bbox 269 448 1017 516">
     <span class='ocr_line' id='line_1_1' title="bbox 269 448 1017 516; baseline -0.005 -2"><span class='ocrx_word' id='word_1_1' title='bbox 269 456 308 516; x_wconf 80' lang='lat'>56</span> <span class='ocrx_word' id='word_1_2' title='bbox 529 449 742 512; x_wconf 73' lang='lat' dir='ltr'>aautttl</span> <span class='ocrx_word' id='word_1_3' title='bbox 774 448 1017 510; x_wconf 71' lang='lat' dir='ltr'>Etlstatt</span> 
     </span>
    </p>
   </div>
   <div class='ocr_carea' id='block_1_2' title="bbox 295 650 1081 736">
    <p class='ocr_par' dir='ltr' id='par_1_2' title="bbox 295 650 1081 736">
     <span class='ocr_line' id='line_1_2' title="bbox 295 650 1081 736; baseline -0.005 -9"><span class='ocrx_word' id='word_1_4' title='bbox 295 656 481 726; x_wconf 84' lang='lat' dir='ltr'>Ludontem</span> <span class='ocrx_word' id='word_1_5' title='bbox 504 653 647 736; x_wconf 76' lang='lat' dir='ltr'>lasciva3</span> <span class='ocrx_word' id='word_1_6' title='bbox 672 673 823 721; x_wconf 85' lang='lat' dir='ltr'>severum</span> <span class='ocrx_word' id='word_1_7' title='bbox 845 652 928 718; x_wconf 84' lang='lat' dir='ltr'>seria</span> <span class='ocrx_word' id='word_1_8' title='bbox 952 650 1081 723; x_wconf 81' lang='lat' dir='ltr'>dictu.</span> 
     </span>
    </p>
   </div>
   <div class='ocr_carea' id='block_1_3' title="bbox 250 858 1285 4178">
    <p class='ocr_par' dir='ltr' id='par_1_3' title="bbox 250 858 1285 4178">
     <span class='ocr_line' id='line_1_3' title="bbox 262 858 1285 942; baseline -0.004 -16"><span class='ocrx_word' id='word_1_9' title='bbox 262 858 369 942; x_wconf 82' lang='lat' dir='ltr'>dictum,</span> <span class='ocrx_word' id='word_1_10' title='bbox 378 879 495 939; x_wconf 88' lang='lat' dir='ltr'>frontem,</span> <span class='ocrx_word' id='word_1_11' title='bbox 504 891 575 941; x_wconf 79' lang='lat' dir='ltr'>genas</span> <span class='ocrx_word' id='word_1_12' title='bbox 584 910 591 936; x_wconf 85' lang='lat'>,</span> <span class='ocrx_word' id='word_1_13' title='bbox 600 891 639 934; x_wconf 91' lang='lat' dir='ltr'>os,</span> <span class='ocrx_word' id='word_1_14' title='bbox 653 874 761 939; x_wconf 78' lang='lat' dir='ltr'>inprimis</span> <span class='ocrx_word' id='word_1_15' title='bbox 793 885 891 935; x_wconf 65' lang='lat' dir='ltr'>euntem</span> <span class='ocrx_word' id='word_1_16' title='bbox 905 873 949 919; x_wconf 85' lang='lat' dir='ltr'>illi</span> <span class='ocrx_word' id='word_1_17' title='bbox 963 881 1049 933; x_wconf 73' lang='lat' dir='ltr'>nunt,</span> <span class='ocrx_word' id='word_1_18' title='bbox 1071 873 1136 937; x_wconf 80' lang='lat' dir='ltr'>apud</span> <span class='ocrx_word' id='word_1_19' title='bbox 1155 889 1213 937; x_wconf 86' lang='lat' dir='ltr'>quas</span> <span class='ocrx_word' id='word_1_20' title='bbox 1229 890 1285 939; x_wconf 74' lang='lat' dir='ltr'>age-</span> 
     </span>
     <span class='ocr_line' id='line_1_4' title="bbox 263 958 1284 1028; baseline -0.006 -17"><span class='ocrx_word' id='word_1_21' title='bbox 263 965 350 1011; x_wconf 84' lang='lat' dir='ltr'>eeulos.</span> <span class='ocrx_word' id='word_1_22' title='bbox 368 962 393 1010; x_wconf 83' lang='lat' dir='ltr'>st</span> <span class='ocrx_word' id='word_1_23' title='bbox 409 963 526 1028; x_wconf 80' lang='lat' dir='ltr'>significat</span> <span class='ocrx_word' id='word_1_24' title='bbox 542 962 665 1020; x_wconf 76' lang='lat' dir='ltr'>anianum,</span> <span class='ocrx_word' id='word_1_25' title='bbox 680 968 762 1024; x_wconf 80' lang='lat' dir='ltr'>qtrate-</span> <span class='ocrx_word' id='word_1_26' title='bbox 793 974 861 1019; x_wconf 79' lang='lat' dir='ltr'>raas,</span> <span class='ocrx_word' id='word_1_27' title='bbox 870 958 1129 1020; x_wconf 81' lang='lat' dir='ltr'>&#39;erationemelienda,</span> <span class='ocrx_word' id='word_1_28' title='bbox 1140 975 1219 1021; x_wconf 81' lang='lat' dir='ltr'>amar,</span> <span class='ocrx_word' id='word_1_29' title='bbox 1234 960 1284 1007; x_wconf 83' lang='lat' dir='ltr'>odi-</span> 
     </span>
     <span class='ocr_line' id='line_1_5' title="bbox 262 1042 1285 1107; baseline -0.005 -10"><span class='ocrx_word' id='word_1_30' title='bbox 262 1064 308 1096; x_wconf 88' lang='lat' dir='ltr'>nus</span> <span class='ocrx_word' id='word_1_31' title='bbox 323 1050 414 1096; x_wconf 88' lang='lat' dir='ltr'>animus</span> <span class='ocrx_word' id='word_1_32' title='bbox 429 1050 455 1095; x_wconf 88' lang='lat' dir='ltr'>in</span> <span class='ocrx_word' id='word_1_33' title='bbox 471 1047 540 1095; x_wconf 84' lang='lat' dir='ltr'>vultu</span> <span class='ocrx_word' id='word_1_34' title='bbox 557 1045 702 1106; x_wconf 81' lang='lat' dir='ltr'><strong>declaratur,</strong></span> <span class='ocrx_word' id='word_1_35' title='bbox 720 1042 760 1091; x_wconf 89' lang='lat' dir='ltr'>ob·</span> <span class='ocrx_word' id='word_1_36' title='bbox 792 1060 847 1106; x_wconf 84' lang='lat' dir='ltr'>um,</span> <span class='ocrx_word' id='word_1_37' title='bbox 863 1044 1008 1105; x_wconf 74' lang='lat' dir='ltr'>iracundia,</span> <span class='ocrx_word' id='word_1_38' title='bbox 1021 1045 1133 1107; x_wconf 74' lang='lat' dir='ltr'>insidia,</span> <span class='ocrx_word' id='word_1_39' title='bbox 1147 1047 1285 1093; x_wconf 85' lang='lat' dir='ltr'>misericor-</span> 
     </span>
     <span class='ocr_line' id='line_1_6' title="bbox 261 1129 1282 1196; baseline -0.003 -14"><span class='ocrx_word' id='word_1_40' title='bbox 261 1134 394 1182; x_wconf 81' lang='lat' dir='ltr'>scurius&#39;et</span> <span class='ocrx_word' id='word_1_41' title='bbox 414 1134 483 1181; x_wconf 88' lang='lat' dir='ltr'>nimis</span> <span class='ocrx_word' id='word_1_42' title='bbox 499 1129 607 1196; x_wconf 79' lang='lat' dir='ltr'>ambigue</span> <span class='ocrx_word' id='word_1_43' title='bbox 624 1130 687 1178; x_wconf 80' lang='lat' dir='ltr'>dixit</span> <span class='ocrx_word' id='word_1_44' title='bbox 702 1147 759 1195; x_wconf 90' lang='lat' dir='ltr'>poe·</span> <span class='ocrx_word' id='word_1_45' title='bbox 790 1130 846 1191; x_wconf 83' lang='lat' dir='ltr'>dia,</span> <span class='ocrx_word' id='word_1_46' title='bbox 861 1144 926 1193; x_wconf 83' lang='lat' dir='ltr'>spes,</span> <span class='ocrx_word' id='word_1_47' title='bbox 942 1130 1057 1191; x_wconf 79' lang='lat' dir='ltr'>laetitia,</span> <span class='ocrx_word' id='word_1_48' title='bbox 1068 1132 1153 1193; x_wconf 83' lang='lat' dir='ltr'>timer,</span> <span class='ocrx_word' id='word_1_49' title='bbox 1161 1133 1282 1179; x_wconf 81' lang='lat' dir='ltr'>molestia.</span> 
     </span>
     <span class='ocr_line' id='line_1_7' title="bbox 262 1214 1285 1284; baseline -0.003 -17"><span class='ocrx_word' id='word_1_50' title='bbox 262 1227 302 1281; x_wconf 86' lang='lat' dir='ltr'>ta,</span> <span class='ocrx_word' id='word_1_51' title='bbox 324 1218 387 1284; x_wconf 78' lang='lat' dir='ltr'>quod</span> <span class='ocrx_word' id='word_1_52' title='bbox 402 1217 534 1282; x_wconf 75' lang='lat' dir='ltr'>simplicius</span> <span class='ocrx_word' id='word_1_53' title='bbox 550 1231 577 1263; x_wconf 83' lang='lat' dir='ltr'>ac</span> <span class='ocrx_word' id='word_1_54' title='bbox 601 1216 680 1262; x_wconf 85' lang='lat' dir='ltr'>verius</span> <span class='ocrx_word' id='word_1_55' title='bbox 702 1224 754 1279; x_wconf 92' lang='lat' dir='ltr'>pot·</span> <span class='ocrx_word' id='word_1_56' title='bbox 786 1215 945 1277; x_wconf 79' lang='lat' dir='ltr'>Quintilianus</span> <span class='ocrx_word' id='word_1_57' title='bbox 957 1214 1034 1262; x_wconf 92' lang='lat' dir='ltr'>Instit.</span> <span class='ocrx_word' id='word_1_58' title='bbox 1044 1214 1076 1262; x_wconf 82' lang='lat' dir='ltr'>Xl</span> <span class='ocrx_word' id='word_1_59' title='bbox 1086 1250 1092 1276; x_wconf 91' lang='lat'>,</span> <span class='ocrx_word' id='word_1_60' title='bbox 1103 1219 1125 1263; x_wconf 89' lang='lat'>1.</span> <span class='ocrx_word' id='word_1_61' title='bbox 1145 1217 1213 1274; x_wconf 77' lang='lat' dir='ltr'>Quia</span> <span class='ocrx_word' id='word_1_62' title='bbox 1219 1218 1285 1264; x_wconf 84' lang='lat' dir='ltr'>enine</span> 
     </span>
     <span class='ocr_line' id='line_1_8' title="bbox 263 1300 1284 1364; baseline -0.001 -13"><span class='ocrx_word' id='word_1_63' title='bbox 263 1304 576 1351; x_wconf 79' lang='lat' dir='ltr'>uissetrtristianeeestarn</span> <span class='ocrx_word' id='word_1_64' title='bbox 589 1300 698 1347; x_wconf 86' lang='lat' dir='ltr'>Mentem</span> <span class='ocrx_word' id='word_1_65' title='bbox 706 1314 759 1345; x_wconf 86' lang='lat' dir='ltr'>uer·</span> <span class='ocrx_word' id='word_1_66' title='bbox 785 1301 899 1363; x_wconf 81' lang='lat' dir='ltr'>prodest,</span> <span class='ocrx_word' id='word_1_67' title='bbox 921 1314 973 1347; x_wconf 83' lang='lat' dir='ltr'>esse</span> <span class='ocrx_word' id='word_1_68' title='bbox 995 1301 1066 1347; x_wconf 80' lang='lat' dir='ltr'>uerba</span> <span class='ocrx_word' id='word_1_69' title='bbox 1089 1309 1115 1348; x_wconf 84' lang='lat' dir='ltr'>et</span> <span class='ocrx_word' id='word_1_70' title='bbox 1135 1303 1241 1364; x_wconf 80' lang='lat' dir='ltr'>Latina,</span> <span class='ocrx_word' id='word_1_71' title='bbox 1259 1310 1284 1350; x_wconf 84' lang='lat' dir='ltr'>et</span> 
     </span>
     <span class='ocr_line' id='line_1_9' title="bbox 262 1386 1284 1450; baseline 0 -15"><span class='ocrx_word' id='word_1_72' title='bbox 262 1388 292 1434; x_wconf 84' lang='lat' dir='ltr'>da</span> <span class='ocrx_word' id='word_1_73' title='bbox 300 1389 399 1435; x_wconf 71' lang='lat' dir='ltr'>‘decant</span> <span class='ocrx_word' id='word_1_74' title='bbox 416 1386 441 1433; x_wconf 88' lang='lat' dir='ltr'>Si</span> <span class='ocrx_word' id='word_1_75' title='bbox 449 1387 526 1447; x_wconf 82' lang='lat' dir='ltr'>frons,</span> <span class='ocrx_word' id='word_1_76' title='bbox 544 1399 630 1448; x_wconf 84' lang='lat' dir='ltr'>genae,</span> <span class='ocrx_word' id='word_1_77' title='bbox 648 1401 686 1446; x_wconf 82' lang='lat' dir='ltr'>os,</span> <span class='ocrx_word' id='word_1_78' title='bbox 704 1400 759 1431; x_wconf 86' lang='lat' dir='ltr'>ocu·</span> <span class='ocrx_word' id='word_1_79' title='bbox 789 1386 977 1448; x_wconf 77' lang='lat' dir='ltr'>significantia,</span> <span class='ocrx_word' id='word_1_80' title='bbox 994 1393 1020 1432; x_wconf 87' lang='lat' dir='ltr'>et</span> <span class='ocrx_word' id='word_1_81' title='bbox 1027 1386 1125 1447; x_wconf 82' lang='lat' dir='ltr'>nitida,</span> <span class='ocrx_word' id='word_1_82' title='bbox 1131 1388 1230 1450; x_wconf 70' lang='lat' dir='ltr'>figuris</span> <span class='ocrx_word' id='word_1_83' title='bbox 1238 1389 1284 1435; x_wconf 86' lang='lat' dir='ltr'>eti·</span> 
     </span>
     <span class='ocr_line' id='line_1_10' title="bbox 260 1462 1284 1536; baseline -0.002 -16"><span class='ocrx_word' id='word_1_84' title='bbox 260 1472 281 1520; x_wconf 90' lang='lat' dir='ltr'>li</span> <span class='ocrx_word' id='word_1_85' title='bbox 311 1471 495 1536; x_wconf 82' lang='lat' dir='ltr'>intelligantur,</span> <span class='ocrx_word' id='word_1_86' title='bbox 533 1462 651 1517; x_wconf 75' lang='lat' dir='ltr'>renitentia</span> <span class='ocrx_word' id='word_1_87' title='bbox 680 1469 757 1516; x_wconf 87' lang='lat' dir='ltr'>oritur</span> <span class='ocrx_word' id='word_1_88' title='bbox 789 1484 829 1515; x_wconf 85' lang='lat' dir='ltr'>am</span> <span class='ocrx_word' id='word_1_89' title='bbox 843 1471 997 1533; x_wconf 75' lang='lat' dir='ltr'>numerisque</span> <span class='ocrx_word' id='word_1_90' title='bbox 1011 1472 1146 1531; x_wconf 70' lang='lat' dir='ltr'>saluata,</span> <span class='ocrx_word' id='word_1_91' title='bbox 1160 1474 1216 1519; x_wconf 83' lang='lat' dir='ltr'>nisi</span> <span class='ocrx_word' id='word_1_92' title='bbox 1230 1488 1284 1520; x_wconf 84' lang='lat' dir='ltr'>curn</span> 
     </span>
     <span class='ocr_line' id='line_1_11' title="bbox 260 1553 1284 1622; baseline -0.001 -17"><span class='ocrx_word' id='word_1_93' title='bbox 260 1555 290 1604; x_wconf 86' lang='lat' dir='ltr'>ab</span> <span class='ocrx_word' id='word_1_94' title='bbox 312 1557 408 1622; x_wconf 83' lang='lat' dir='ltr'>ingenio</span> <span class='ocrx_word' id='word_1_95' title='bbox 429 1558 503 1603; x_wconf 89' lang='lat' dir='ltr'>totius</span> <span class='ocrx_word' id='word_1_96' title='bbox 527 1553 644 1620; x_wconf 81' lang='lat' dir='ltr'>Epistolae</span> <span class='ocrx_word' id='word_1_97' title='bbox 669 1553 755 1601; x_wconf 87' lang='lat' dir='ltr'>aliena.</span> <span class='ocrx_word' id='word_1_98' title='bbox 788 1555 838 1615; x_wconf 87' lang='lat' dir='ltr'>iis,</span> <span class='ocrx_word' id='word_1_99' title='bbox 855 1556 884 1601; x_wconf 86' lang='lat' dir='ltr'>in</span> <span class='ocrx_word' id='word_1_100' title='bbox 901 1570 960 1618; x_wconf 88' lang='lat' dir='ltr'>quae</span> <span class='ocrx_word' id='word_1_101' title='bbox 975 1556 1081 1602; x_wconf 82' lang='lat' dir='ltr'>iudicem</span> <span class='ocrx_word' id='word_1_102' title='bbox 1097 1557 1154 1603; x_wconf 78' lang='lat' dir='ltr'>draci</span> <span class='ocrx_word' id='word_1_103' title='bbox 1162 1556 1284 1616; x_wconf 78' lang='lat' dir='ltr'>satutari-</span> 
     </span>
     <span class='ocr_line' id='line_1_12' title="bbox 259 1639 1283 1707; baseline 0.001 -18"><span class='ocrx_word' id='word_1_104' title='bbox 259 1641 316 1689; x_wconf 86' lang='lat' dir='ltr'>Nam</span> <span class='ocrx_word' id='word_1_105' title='bbox 338 1642 447 1689; x_wconf 82' lang='lat' dir='ltr'>Horatius</span> <span class='ocrx_word' id='word_1_106' title='bbox 463 1643 497 1689; x_wconf 88' lang='lat' dir='ltr'>ita</span> <span class='ocrx_word' id='word_1_107' title='bbox 518 1640 656 1706; x_wconf 84' lang='lat' dir='ltr'>loqueretur</span> <span class='ocrx_word' id='word_1_108' title='bbox 672 1639 701 1687; x_wconf 86' lang='lat' dir='ltr'>dc</span> <span class='ocrx_word' id='word_1_109' title='bbox 718 1641 756 1687; x_wconf 81' lang='lat' dir='ltr'>lei·</span> <span class='ocrx_word' id='word_1_110' title='bbox 788 1654 832 1703; x_wconf 73' lang='lat' dir='ltr'>qtae</span> <span class='ocrx_word' id='word_1_111' title='bbox 856 1642 978 1702; x_wconf 62' lang='lat' dir='ltr'>comentes,</span> <span class='ocrx_word' id='word_1_112' title='bbox 998 1639 1174 1690; x_wconf 75' lang='lat' dir='ltr'>cernentiant?</span> <span class='ocrx_word' id='word_1_113' title='bbox 1195 1644 1220 1690; x_wconf 85' lang='lat' dir='ltr'>si</span> <span class='ocrx_word' id='word_1_114' title='bbox 1239 1658 1283 1707; x_wconf 80' lang='lat' dir='ltr'>ge·</span> 
     </span>
     <span class='ocr_line' id='line_1_13' title="bbox 258 1723 1283 1790; baseline 0.002 -17"><span class='ocrx_word' id='word_1_115' title='bbox 258 1728 394 1775; x_wconf 76' lang='lat' dir='ltr'>strionibus</span> <span class='ocrx_word' id='word_1_116' title='bbox 415 1734 442 1775; x_wconf 86' lang='lat' dir='ltr'>et</span> <span class='ocrx_word' id='word_1_117' title='bbox 461 1728 565 1774; x_wconf 81' lang='lat' dir='ltr'>actione.</span> <span class='ocrx_word' id='word_1_118' title='bbox 590 1723 635 1773; x_wconf 85' lang='lat' dir='ltr'>Sed</span> <span class='ocrx_word' id='word_1_119' title='bbox 659 1723 688 1772; x_wconf 88' lang='lat' dir='ltr'>ab</span> <span class='ocrx_word' id='word_1_120' title='bbox 709 1723 753 1772; x_wconf 86' lang='lat' dir='ltr'>hoe</span> <span class='ocrx_word' id='word_1_121' title='bbox 786 1741 833 1772; x_wconf 82' lang='lat' dir='ltr'>nas</span> <span class='ocrx_word' id='word_1_122' title='bbox 845 1725 946 1772; x_wconf 82' lang='lat' dir='ltr'>sublime</span> <span class='ocrx_word' id='word_1_123' title='bbox 960 1727 1058 1774; x_wconf 82' lang='lat' dir='ltr'>dicendi</span> <span class='ocrx_word' id='word_1_124' title='bbox 1065 1729 1156 1790; x_wconf 80' lang='lat' dir='ltr'>paruis</span> <span class='ocrx_word' id='word_1_125' title='bbox 1170 1729 1200 1774; x_wconf 85' lang='lat' dir='ltr'>in</span> <span class='ocrx_word' id='word_1_126' title='bbox 1214 1744 1283 1775; x_wconf 84' lang='lat' dir='ltr'>caus·</span> 
     </span>
     <span class='ocr_line' id='line_1_14' title="bbox 257 1798 1281 1878; baseline 0.002 -18"><span class='ocrx_word' id='word_1_127' title='bbox 257 1822 396 1878; x_wconf 83' lang='lat' dir='ltr'>argumento</span> <span class='ocrx_word' id='word_1_128' title='bbox 413 1821 463 1859; x_wconf 82' lang='lat' dir='ltr'>tota</span> <span class='ocrx_word' id='word_1_129' title='bbox 479 1810 596 1876; x_wconf 83' lang='lat' dir='ltr'>Epistulae</span> <span class='ocrx_word' id='word_1_130' title='bbox 609 1809 700 1858; x_wconf 88' lang='lat' dir='ltr'>indoles</span> <span class='ocrx_word' id='word_1_131' title='bbox 713 1808 759 1858; x_wconf 89' lang='lat' dir='ltr'>ab·</span> <span class='ocrx_word' id='word_1_132' title='bbox 791 1812 842 1871; x_wconf 79' lang='lat' dir='ltr'>sis,</span> <span class='ocrx_word' id='word_1_133' title='bbox 851 1826 957 1873; x_wconf 79' lang='lat' dir='ltr'>pareunt</span> <span class='ocrx_word' id='word_1_134' title='bbox 970 1798 1127 1875; x_wconf 70' lang='lat' dir='ltr'>liminumque</span> <span class='ocrx_word' id='word_1_135' title='bbox 1136 1815 1281 1877; x_wconf 77' lang='lat' dir='ltr'>grandibus,</span> 
     </span>
     <span class='ocr_line' id='line_1_15' title="bbox 257 1895 1282 1962; baseline 0.002 -17"><span class='ocrx_word' id='word_1_136' title='bbox 257 1895 347 1946; x_wconf 89' lang='lat' dir='ltr'>barret.</span> <span class='ocrx_word' id='word_1_137' title='bbox 376 1898 426 1945; x_wconf 81' lang='lat' dir='ltr'>Non</span> <span class='ocrx_word' id='word_1_138' title='bbox 447 1896 488 1945; x_wconf 89' lang='lat' dir='ltr'>dat</span> <span class='ocrx_word' id='word_1_139' title='bbox 509 1904 636 1960; x_wconf 84' lang='lat' dir='ltr'>praecepta</span> <span class='ocrx_word' id='word_1_140' title='bbox 657 1896 738 1942; x_wconf 83' lang='lat' dir='ltr'>actori</span> <span class='ocrx_word' id='word_1_141' title='bbox 747 1931 754 1955; x_wconf 90' lang='lat'><strong><em>,</em></strong></span> <span class='ocrx_word' id='word_1_142' title='bbox 787 1897 878 1942; x_wconf 85' lang='lat' dir='ltr'>laetum</span> <span class='ocrx_word' id='word_1_143' title='bbox 893 1898 1024 1958; x_wconf 82' lang='lat' dir='ltr'>tristibus,</span> <span class='ocrx_word' id='word_1_144' title='bbox 1042 1900 1094 1945; x_wconf 85' lang='lat' dir='ltr'>lene</span> <span class='ocrx_word' id='word_1_145' title='bbox 1109 1901 1219 1962; x_wconf 82' lang='lat' dir='ltr'>asperis,</span> <span class='ocrx_word' id='word_1_146' title='bbox 1236 1902 1282 1947; x_wconf 78' lang='lat' dir='ltr'>rai-</span> 
     </span>
     <span class='ocr_line' id='line_1_16' title="bbox 256 1979 1282 2046; baseline 0.004 -17"><span class='ocrx_word' id='word_1_147' title='bbox 256 1982 298 2029; x_wconf 91' lang='lat' dir='ltr'>sed</span> <span class='ocrx_word' id='word_1_148' title='bbox 314 1991 410 2046; x_wconf 78' lang='lat' dir='ltr'>pastae.</span> <span class='ocrx_word' id='word_1_149' title='bbox 435 1982 528 2028; x_wconf 84' lang='lat' dir='ltr'>Interea</span> <span class='ocrx_word' id='word_1_150' title='bbox 544 1991 622 2028; x_wconf 91' lang='lat' dir='ltr'>tamen</span> <span class='ocrx_word' id='word_1_151' title='bbox 646 1979 757 2027; x_wconf 86' lang='lat' dir='ltr'>nonnulli</span> <span class='ocrx_word' id='word_1_152' title='bbox 787 1995 838 2026; x_wconf 72' lang='lat' dir='ltr'>ncta</span> <span class='ocrx_word' id='word_1_153' title='bbox 858 1982 1022 2044; x_wconf 57' lang='lat' dir='ltr'>simplicibus,</span> <span class='ocrx_word' id='word_1_154' title='bbox 1040 1985 1185 2032; x_wconf 80' lang='lat' dir='ltr'>submissum</span> <span class='ocrx_word' id='word_1_155' title='bbox 1204 1988 1282 2034; x_wconf 67' lang='lat' dir='ltr'>enan·</span> 
     </span>
     <span class='ocr_line' id='line_1_17' title="bbox 257 2063 1283 2132; baseline 0.004 -17"><span class='ocrx_word' id='word_1_156' title='bbox 257 2068 291 2115; x_wconf 88' lang='lat' dir='ltr'>sic</span> <span class='ocrx_word' id='word_1_157' title='bbox 309 2069 425 2132; x_wconf 85' lang='lat' dir='ltr'>accepisse</span> <span class='ocrx_word' id='word_1_158' title='bbox 441 2065 565 2126; x_wconf 82' lang='lat' dir='ltr'>uidentur,</span> <span class='ocrx_word' id='word_1_159' title='bbox 581 2063 658 2111; x_wconf 83' lang='lat' dir='ltr'>ueluti</span> <span class='ocrx_word' id='word_1_160' title='bbox 674 2064 756 2111; x_wconf 86' lang='lat' dir='ltr'>Dorin-</span> <span class='ocrx_word' id='word_1_161' title='bbox 788 2066 864 2125; x_wconf 84' lang='lat' dir='ltr'>tatis‚</span> <span class='ocrx_word' id='word_1_162' title='bbox 880 2070 1283 2129; x_wconf 72' lang='lat' dir='ltr'>ematqueotoantumiuuuair</span> 
     </span>
     <span class='ocr_line' id='line_1_18' title="bbox 257 2147 1282 2221; baseline 0.005 -22"><span class='ocrx_word' id='word_1_163' title='bbox 257 2152 325 2215; x_wconf 63' lang='lat' dir='ltr'>gius,</span> <span class='ocrx_word' id='word_1_164' title='bbox 339 2153 365 2199; x_wconf 90' lang='lat' dir='ltr'>in</span> <span class='ocrx_word' id='word_1_165' title='bbox 378 2151 503 2198; x_wconf 84' lang='lat' dir='ltr'>utilissimo</span> <span class='ocrx_word' id='word_1_166' title='bbox 515 2149 559 2197; x_wconf 93' lang='lat' dir='ltr'>illo</span> <span class='ocrx_word' id='word_1_167' title='bbox 569 2147 757 2196; x_wconf 82' lang='lat' dir='ltr'>adolescentibus</span> <span class='ocrx_word' id='word_1_168' title='bbox 789 2147 961 2199; x_wconf 81' lang='lat' dir='ltr'>adhibeamus?</span> <span class='ocrx_word' id='word_1_169' title='bbox 966 2152 1029 2215; x_wconf 83' lang='lat' dir='ltr'>Quae</span> <span class='ocrx_word' id='word_1_170' title='bbox 1037 2155 1058 2209; x_wconf 80' lang='lat' dir='ltr'>si</span> <span class='ocrx_word' id='word_1_171' title='bbox 1065 2154 1100 2202; x_wconf 88' lang='lat' dir='ltr'>ita</span> <span class='ocrx_word' id='word_1_172' title='bbox 1107 2155 1163 2218; x_wconf 88' lang='lat' dir='ltr'>sint,</span> <span class='ocrx_word' id='word_1_173' title='bbox 1172 2156 1282 2221; x_wconf 90' lang='lat' dir='ltr'>quemad·</span> 
     </span>
     <span class='ocr_line' id='line_1_19' title="bbox 261 2232 1283 2308; baseline 0.006 -23"><span class='ocrx_word' id='word_1_174' title='bbox 261 2232 440 2285; x_wconf 80' lang='lat' dir='ltr'>lommcntario:</span> <span class='ocrx_word' id='word_1_175' title='bbox 475 2235 581 2282; x_wconf 79' lang='lat' dir='ltr'>»Verbis</span> <span class='ocrx_word' id='word_1_176' title='bbox 613 2234 755 2297; x_wconf 70' lang='lat' dir='ltr'>respuetur</span> <span class='ocrx_word' id='word_1_177' title='bbox 786 2234 880 2284; x_wconf 89' lang='lat' dir='ltr'>modum</span> <span class='ocrx_word' id='word_1_178' title='bbox 896 2235 1028 2301; x_wconf 86' lang='lat' dir='ltr'>disputavi,</span> <span class='ocrx_word' id='word_1_179' title='bbox 1043 2250 1175 2306; x_wconf 86' lang='lat' dir='ltr'>corruptam</span> <span class='ocrx_word' id='word_1_180' title='bbox 1191 2246 1283 2308; x_wconf 84' lang='lat' dir='ltr'>accepi-</span> 
     </span>
     <span class='ocr_line' id='line_1_20' title="bbox 257 2318 1282 2387; baseline 0.007 -18"><span class='ocrx_word' id='word_1_181' title='bbox 257 2318 326 2370; x_wconf 81' lang='lat' dir='ltr'>dcbct</span> <span class='ocrx_word' id='word_1_182' title='bbox 339 2324 436 2384; x_wconf 82' lang='lat' dir='ltr'>nultus,</span> <span class='ocrx_word' id='word_1_183' title='bbox 453 2321 487 2369; x_wconf 87' lang='lat' dir='ltr'>ad</span> <span class='ocrx_word' id='word_1_184' title='bbox 494 2321 587 2381; x_wconf 85' lang='lat' dir='ltr'>arania,</span> <span class='ocrx_word' id='word_1_185' title='bbox 604 2335 665 2383; x_wconf 89' lang='lat' dir='ltr'>quae</span> <span class='ocrx_word' id='word_1_186' title='bbox 673 2321 754 2368; x_wconf 81' lang='lat' dir='ltr'>verbis</span> <span class='ocrx_word' id='word_1_187' title='bbox 786 2337 837 2368; x_wconf 86' lang='lat' dir='ltr'>mus</span> <span class='ocrx_word' id='word_1_188' title='bbox 847 2323 987 2387; x_wconf 84' lang='lat' dir='ltr'>scripturam</span> <span class='ocrx_word' id='word_1_189' title='bbox 996 2327 1096 2373; x_wconf 79' lang='lat' dir='ltr'>Tristia</span> <span class='ocrx_word' id='word_1_190' title='bbox 1103 2336 1220 2375; x_wconf 75' lang='lat' dir='ltr'>moestum</span> <span class='ocrx_word' id='word_1_191' title='bbox 1227 2330 1282 2376; x_wconf 85' lang='lat' dir='ltr'>Vul-</span> 
     </span>
     <span class='ocr_line' id='line_1_21' title="bbox 254 2404 1279 2478; baseline 0.004 -23"><span class='ocrx_word' id='word_1_192' title='bbox 254 2409 439 2470; x_wconf 78' lang='lat' dir='ltr'>eaprimuntur‚</span> <span class='ocrx_word' id='word_1_193' title='bbox 465 2407 639 2470; x_wconf 83' lang='lat' dir='ltr'>compositus.”</span> <span class='ocrx_word' id='word_1_194' title='bbox 670 2404 747 2453; x_wconf 87' lang='lat' dir='ltr'>Habet</span> <span class='ocrx_word' id='word_1_195' title='bbox 781 2408 1279 2478; x_wconf 75' lang='lat' dir='ltr'>tumuerbadecentproqnareponendnm</span> 
     </span>
     <span class='ocr_line' id='line_1_22' title="bbox 253 2489 1280 2558; baseline 0.007 -19"><span class='ocrx_word' id='word_1_196' title='bbox 253 2491 350 2557; x_wconf 78' lang='lat' dir='ltr'>vulgata</span> <span class='ocrx_word' id='word_1_197' title='bbox 373 2492 443 2540; x_wconf 89' lang='lat' dir='ltr'>lectio</span> <span class='ocrx_word' id='word_1_198' title='bbox 469 2491 540 2538; x_wconf 85' lang='lat' dir='ltr'>etiam</span> <span class='ocrx_word' id='word_1_199' title='bbox 559 2489 607 2536; x_wconf 89' lang='lat' dir='ltr'>alia</span> <span class='ocrx_word' id='word_1_200' title='bbox 627 2490 752 2536; x_wconf 88' lang='lat' dir='ltr'>iucomma·</span> <span class='ocrx_word' id='word_1_201' title='bbox 785 2490 897 2538; x_wconf 89' lang='lat' dir='ltr'>coniicio:</span> <span class='ocrx_word' id='word_1_202' title='bbox 917 2493 1017 2539; x_wconf 85' lang='lat' dir='ltr'>Tristia</span> <span class='ocrx_word' id='word_1_203' title='bbox 1035 2498 1280 2558; x_wconf 82' lang='lat' dir='ltr'>moestum‚Laetum</span> 
     </span>
     <span class='ocr_line' id='line_1_23' title="bbox 255 2573 1280 2630; baseline 0.007 -6"><span class='ocrx_word' id='word_1_204' title='bbox 255 2576 294 2624; x_wconf 82' lang='lat' dir='ltr'>de.</span> <span class='ocrx_word' id='word_1_205' title='bbox 310 2578 396 2624; x_wconf 82' lang='lat' dir='ltr'>Tristia</span> <span class='ocrx_word' id='word_1_206' title='bbox 412 2573 483 2623; x_wconf 85' lang='lat' dir='ltr'>rerba</span> <span class='ocrx_word' id='word_1_207' title='bbox 497 2573 581 2621; x_wconf 89' lang='lat' dir='ltr'>decent</span> <span class='ocrx_word' id='word_1_208' title='bbox 590 2575 684 2619; x_wconf 72' lang='lat' dir='ltr'>valerem</span> <span class='ocrx_word' id='word_1_209' title='bbox 692 2588 753 2619; x_wconf 86' lang='lat' dir='ltr'>ntae·</span> <span class='ocrx_word' id='word_1_210' title='bbox 785 2575 879 2621; x_wconf 84' lang='lat' dir='ltr'>urbana</span> <span class='ocrx_word' id='word_1_211' title='bbox 886 2576 978 2623; x_wconf 76' lang='lat' dir='ltr'>dacem.</span> <span class='ocrx_word' id='word_1_212' title='bbox 989 2577 1110 2625; x_wconf 86' lang='lat' dir='ltr'>Hominem</span> <span class='ocrx_word' id='word_1_213' title='bbox 1118 2590 1232 2629; x_wconf 86' lang='lat' dir='ltr'>maestum</span> <span class='ocrx_word' id='word_1_214' title='bbox 1240 2582 1280 2630; x_wconf 91' lang='lat' dir='ltr'>de-</span> 
     </span>
     <span class='ocr_line' id='line_1_24' title="bbox 253 2657 1279 2724; baseline 0.001 -16"><span class='ocrx_word' id='word_1_215' title='bbox 253 2669 333 2722; x_wconf 81' lang='lat' dir='ltr'>atum,</span> <span class='ocrx_word' id='word_1_216' title='bbox 348 2663 443 2708; x_wconf 79' lang='lat' dir='ltr'>auitum</span> <span class='ocrx_word' id='word_1_217' title='bbox 452 2660 573 2707; x_wconf 83' lang='lat' dir='ltr'>ludentem</span> <span class='ocrx_word' id='word_1_218' title='bbox 589 2657 681 2705; x_wconf 86' lang='lat' dir='ltr'>lasciva.</span> <span class='ocrx_word' id='word_1_219' title='bbox 700 2657 753 2705; x_wconf 80' lang='lat' dir='ltr'>tul·</span> <span class='ocrx_word' id='word_1_220' title='bbox 788 2668 826 2705; x_wconf 90' lang='lat' dir='ltr'>cet</span> <span class='ocrx_word' id='word_1_221' title='bbox 847 2659 922 2707; x_wconf 91' lang='lat' dir='ltr'>oratio</span> <span class='ocrx_word' id='word_1_222' title='bbox 947 2661 1035 2724; x_wconf 88' lang='lat' dir='ltr'>tristis,</span> <span class='ocrx_word' id='word_1_223' title='bbox 1057 2662 1175 2713; x_wconf 84' lang='lat' dir='ltr'>hominem</span> <span class='ocrx_word' id='word_1_224' title='bbox 1190 2667 1279 2717; x_wconf 72' lang='lat' dir='ltr'>laetum</span> 
     </span>
     <span class='ocr_line' id='line_1_25' title="bbox 255 2742 1279 2816; baseline 0.009 -23"><span class='ocrx_word' id='word_1_225' title='bbox 255 2745 412 2806; x_wconf 75' lang='lat' dir='ltr'>metuisne,</span> <span class='ocrx_word' id='word_1_226' title='bbox 434 2761 480 2791; x_wconf 89' lang='lat' dir='ltr'>non</span> <span class='ocrx_word' id='word_1_227' title='bbox 499 2743 606 2791; x_wconf 85' lang='lat' dir='ltr'>dixerim.</span> <span class='ocrx_word' id='word_1_228' title='bbox 628 2742 751 2805; x_wconf 83' lang='lat' dir='ltr'>Horatius,</span> <span class='ocrx_word' id='word_1_229' title='bbox 785 2745 859 2790; x_wconf 88' lang='lat' dir='ltr'>aratio</span> <span class='ocrx_word' id='word_1_230' title='bbox 882 2746 973 2807; x_wconf 82' lang='lat' dir='ltr'>faceta,</span> <span class='ocrx_word' id='word_1_231' title='bbox 995 2758 1106 2810; x_wconf 85' lang='lat' dir='ltr'>venuste,</span> <span class='ocrx_word' id='word_1_232' title='bbox 1128 2754 1213 2816; x_wconf 86' lang='lat' dir='ltr'>camis,</span> <span class='ocrx_word' id='word_1_233' title='bbox 1236 2754 1279 2803; x_wconf 86' lang='lat' dir='ltr'>hu-</span> 
     </span>
     <span class='ocr_line' id='line_1_26' title="bbox 254 2829 1278 2897; baseline 0.01 -18"><span class='ocrx_word' id='word_1_234' title='bbox 254 2830 338 2894; x_wconf 79' lang='lat' dir='ltr'>creda,</span> <span class='ocrx_word' id='word_1_235' title='bbox 355 2831 487 2879; x_wconf 87' lang='lat' dir='ltr'>maluisset:</span> <span class='ocrx_word' id='word_1_236' title='bbox 501 2829 628 2877; x_wconf 70' lang='lat' dir='ltr'>‘Ludentcs</span> <span class='ocrx_word' id='word_1_237' title='bbox 642 2830 750 2892; x_wconf 80' lang='lat' dir='ltr'>lasciua,</span> <span class='ocrx_word' id='word_1_238' title='bbox 783 2846 866 2892; x_wconf 80' lang='lat' dir='ltr'>mana,</span> <span class='ocrx_word' id='word_1_239' title='bbox 875 2829 914 2878; x_wconf 89' lang='lat' dir='ltr'>hic</span> <span class='ocrx_word' id='word_1_240' title='bbox 928 2831 979 2880; x_wconf 89' lang='lat' dir='ltr'>illic</span> <span class='ocrx_word' id='word_1_241' title='bbox 993 2834 1083 2897; x_wconf 86' lang='lat' dir='ltr'>iocosa,</span> <span class='ocrx_word' id='word_1_242' title='bbox 1098 2836 1278 2890; x_wconf 85' lang='lat' dir='ltr'>verbourdana.</span> 
     </span>
     <span class='ocr_line' id='line_1_27' title="bbox 254 2913 1279 2992; baseline 0.009 -26"><span class='ocrx_word' id='word_1_243' title='bbox 254 2933 349 2966; x_wconf 82' lang='lat' dir='ltr'>severas</span> <span class='ocrx_word' id='word_1_244' title='bbox 364 2918 433 2965; x_wconf 83' lang='lat' dir='ltr'>seria</span> <span class='ocrx_word' id='word_1_245' title='bbox 448 2917 526 2964; x_wconf 79' lang='lat' dir='ltr'>dictu</span> <span class='ocrx_word' id='word_1_246' title='bbox 555 2915 660 2979; x_wconf 85' lang='lat' dir='ltr'>Denique</span> <span class='ocrx_word' id='word_1_247' title='bbox 680 2915 755 2962; x_wconf 90' lang='lat' dir='ltr'>nomi·</span> <span class='ocrx_word' id='word_1_248' title='bbox 786 2913 903 2964; x_wconf 75' lang='lat' dir='ltr'>locabula</span> <span class='ocrx_word' id='word_1_249' title='bbox 912 2918 1000 2966; x_wconf 87' lang='lat' dir='ltr'>tristis</span> <span class='ocrx_word' id='word_1_250' title='bbox 1008 2922 1279 2992; x_wconf 83' lang='lat' dir='ltr'>eturbanustamsacpe</span> 
     </span>
     <span class='ocr_line' id='line_1_28' title="bbox 253 2998 1279 3077; baseline 0.008 -25"><span class='ocrx_word' id='word_1_251' title='bbox 253 3014 341 3052; x_wconf 86' lang='lat' dir='ltr'>uantur</span> <span class='ocrx_word' id='word_1_252' title='bbox 361 3004 422 3052; x_wconf 82' lang='lat' dir='ltr'>varii</span> <span class='ocrx_word' id='word_1_253' title='bbox 442 3004 571 3050; x_wconf 85' lang='lat' dir='ltr'>animorum</span> <span class='ocrx_word' id='word_1_254' title='bbox 587 2998 704 3060; x_wconf 77' lang='lat' dir='ltr'>allectus,</span> <span class='ocrx_word' id='word_1_255' title='bbox 721 2999 751 3046; x_wconf 87' lang='lat' dir='ltr'>ad</span> <span class='ocrx_word' id='word_1_256' title='bbox 784 2999 813 3047; x_wconf 88' lang='lat' dir='ltr'>ab</span> <span class='ocrx_word' id='word_1_257' title='bbox 827 3002 998 3067; x_wconf 80' lang='lat' dir='ltr'>interpretibus</span> <span class='ocrx_word' id='word_1_258' title='bbox 1013 3005 1043 3053; x_wconf 86' lang='lat' dir='ltr'>ad</span> <span class='ocrx_word' id='word_1_259' title='bbox 1059 3005 1139 3071; x_wconf 86' lang='lat' dir='ltr'>plures</span> <span class='ocrx_word' id='word_1_260' title='bbox 1155 3013 1279 3077; x_wconf 84' lang='lat' dir='ltr'>scriptores</span> 
     </span>
     <span class='ocr_line' id='line_1_29' title="bbox 253 3083 1277 3161; baseline 0.008 -24"><span class='ocrx_word' id='word_1_261' title='bbox 253 3087 456 3155; x_wconf 85' lang='lat' dir='ltr'>quosverbasunt</span> <span class='ocrx_word' id='word_1_262' title='bbox 470 3083 646 3135; x_wconf 79' lang='lat' dir='ltr'>conformanda:</span> <span class='ocrx_word' id='word_1_263' title='bbox 664 3083 748 3146; x_wconf 81' lang='lat' dir='ltr'>aliter,</span> <span class='ocrx_word' id='word_1_264' title='bbox 783 3086 901 3150; x_wconf 81' lang='lat' dir='ltr'>explicata</span> <span class='ocrx_word' id='word_1_265' title='bbox 928 3099 997 3151; x_wconf 83' lang='lat' dir='ltr'>sunt,</span> <span class='ocrx_word' id='word_1_266' title='bbox 1020 3101 1047 3138; x_wconf 87' lang='lat' dir='ltr'>ut</span> <span class='ocrx_word' id='word_1_267' title='bbox 1070 3103 1149 3142; x_wconf 89' lang='lat' dir='ltr'>actum</span> <span class='ocrx_word' id='word_1_268' title='bbox 1170 3113 1277 3161; x_wconf 78' lang='lat' dir='ltr'>agerem,</span> 
     </span>
     <span class='ocr_line' id='line_1_30' title="bbox 253 3170 1276 3239; baseline 0.009 -18"><span class='ocrx_word' id='word_1_269' title='bbox 253 3174 302 3235; x_wconf 86' lang='lat' dir='ltr'>uit,</span> <span class='ocrx_word' id='word_1_270' title='bbox 327 3174 438 3239; x_wconf 82' lang='lat' dir='ltr'>loquatur</span> <span class='ocrx_word' id='word_1_271' title='bbox 457 3179 579 3232; x_wconf 73' lang='lat' dir='ltr'>moestius,</span> <span class='ocrx_word' id='word_1_272' title='bbox 602 3171 698 3231; x_wconf 73' lang='lat' dir='ltr'>iratas,</span> <span class='ocrx_word' id='word_1_273' title='bbox 715 3171 751 3216; x_wconf 85' lang='lat' dir='ltr'>la·</span> <span class='ocrx_word' id='word_1_274' title='bbox 784 3171 805 3217; x_wconf 88' lang='lat' dir='ltr'>si</span> <span class='ocrx_word' id='word_1_275' title='bbox 821 3170 878 3235; x_wconf 81' lang='lat' dir='ltr'>quid</span> <span class='ocrx_word' id='word_1_276' title='bbox 891 3172 992 3221; x_wconf 84' lang='lat' dir='ltr'>adiicere</span> <span class='ocrx_word' id='word_1_277' title='bbox 1005 3176 1099 3226; x_wconf 83' lang='lat' dir='ltr'>vellem.</span> <span class='ocrx_word' id='word_1_278' title='bbox 1112 3180 1276 3229; x_wconf 84' lang='lat' dir='ltr'>Hoctantum:</span> 
     </span>
     <span class='ocr_line' id='line_1_31' title="bbox 253 3255 1277 3320; baseline 0.007 -14"><span class='ocrx_word' id='word_1_279' title='bbox 253 3260 324 3320; x_wconf 53' lang='lat' dir='ltr'>dcem</span> <span class='ocrx_word' id='word_1_280' title='bbox 341 3274 446 3306; x_wconf 82' lang='lat' dir='ltr'>severus.</span> <span class='ocrx_word' id='word_1_281' title='bbox 469 3255 512 3304; x_wconf 87' lang='lat' dir='ltr'>Hic</span> <span class='ocrx_word' id='word_1_282' title='bbox 528 3271 602 3303; x_wconf 84' lang='lat' dir='ltr'>unum</span> <span class='ocrx_word' id='word_1_283' title='bbox 616 3272 645 3303; x_wconf 85' lang='lat' dir='ltr'>ex</span> <span class='ocrx_word' id='word_1_284' title='bbox 661 3255 751 3320; x_wconf 90' lang='lat' dir='ltr'>praeci·</span> <span class='ocrx_word' id='word_1_285' title='bbox 785 3257 873 3303; x_wconf 85' lang='lat' dir='ltr'>tristis</span> <span class='ocrx_word' id='word_1_286' title='bbox 889 3259 982 3320; x_wconf 87' lang='lat' dir='ltr'>oratio,</span> <span class='ocrx_word' id='word_1_287' title='bbox 1003 3277 1049 3308; x_wconf 90' lang='lat' dir='ltr'>non</span> <span class='ocrx_word' id='word_1_288' title='bbox 1066 3262 1133 3312; x_wconf 85' lang='lat' dir='ltr'>valde</span> <span class='ocrx_word' id='word_1_289' title='bbox 1150 3263 1231 3313; x_wconf 84' lang='lat' dir='ltr'>differt</span> <span class='ocrx_word' id='word_1_290' title='bbox 1247 3266 1277 3313; x_wconf 88' lang='lat' dir='ltr'>ab</span> 
     </span>
     <span class='ocr_line' id='line_1_32' title="bbox 252 3340 1278 3412; baseline 0.006 -21"><span class='ocrx_word' id='word_1_291' title='bbox 252 3344 308 3412; x_wconf 88' lang='lat' dir='ltr'>puis</span> <span class='ocrx_word' id='word_1_292' title='bbox 316 3343 388 3390; x_wconf 86' lang='lat' dir='ltr'>animi</span> <span class='ocrx_word' id='word_1_293' title='bbox 396 3340 537 3403; x_wconf 84' lang='lat' dir='ltr'>affectibus,</span> <span class='ocrx_word' id='word_1_294' title='bbox 551 3341 693 3400; x_wconf 82' lang='lat' dir='ltr'>laetitiam,</span> <span class='ocrx_word' id='word_1_295' title='bbox 703 3356 751 3387; x_wconf 89' lang='lat' dir='ltr'>esse</span> <span class='ocrx_word' id='word_1_296' title='bbox 785 3340 889 3387; x_wconf 85' lang='lat' dir='ltr'>oratione</span> <span class='ocrx_word' id='word_1_297' title='bbox 908 3357 1006 3404; x_wconf 86' lang='lat' dir='ltr'>seeera‚·</span> <span class='ocrx_word' id='word_1_298' title='bbox 1029 3356 1054 3393; x_wconf 89' lang='lat' dir='ltr'>ct</span> <span class='ocrx_word' id='word_1_299' title='bbox 1070 3350 1159 3396; x_wconf 83' lang='lat' dir='ltr'>tristis</span> <span class='ocrx_word' id='word_1_300' title='bbox 1174 3365 1200 3397; x_wconf 89' lang='lat' dir='ltr'>ac</span> <span class='ocrx_word' id='word_1_301' title='bbox 1214 3365 1278 3397; x_wconf 86' lang='lat' dir='ltr'>seec-</span> 
     </span>
     <span class='ocr_line' id='line_1_33' title="bbox 255 3423 1276 3495; baseline 0.007 -18"><span class='ocrx_word' id='word_1_302' title='bbox 255 3428 377 3488; x_wconf 86' lang='lat' dir='ltr'>omissum,</span> <span class='ocrx_word' id='word_1_303' title='bbox 395 3443 490 3486; x_wconf 89' lang='lat' dir='ltr'>omnes,</span> <span class='ocrx_word' id='word_1_304' title='bbox 508 3423 594 3486; x_wconf 84' lang='lat' dir='ltr'>credo,</span> <span class='ocrx_word' id='word_1_305' title='bbox 611 3440 702 3482; x_wconf 83' lang='lat' dir='ltr'>mecum</span> <span class='ocrx_word' id='word_1_306' title='bbox 716 3426 751 3472; x_wconf 93' lang='lat' dir='ltr'>in-</span> <span class='ocrx_word' id='word_1_307' title='bbox 784 3440 829 3472; x_wconf 86' lang='lat' dir='ltr'>rus</span> <span class='ocrx_word' id='word_1_308' title='bbox 838 3441 907 3490; x_wconf 89' lang='lat' dir='ltr'>saepe</span> <span class='ocrx_word' id='word_1_309' title='bbox 916 3427 997 3477; x_wconf 88' lang='lat' dir='ltr'>iuncta</span> <span class='ocrx_word' id='word_1_310' title='bbox 1008 3434 1172 3495; x_wconf 87' lang='lat' dir='ltr'>reperiuntur,</span> <span class='ocrx_word' id='word_1_311' title='bbox 1187 3445 1214 3482; x_wconf 87' lang='lat' dir='ltr'>ut</span> <span class='ocrx_word' id='word_1_312' title='bbox 1223 3453 1244 3484; x_wconf 87' lang='lat' dir='ltr'>v.</span> <span class='ocrx_word' id='word_1_313' title='bbox 1256 3454 1276 3485; x_wconf 85' lang='lat' dir='ltr'>c.</span> 
     </span>
     <span class='ocr_line' id='line_1_34' title="bbox 254 3509 1277 3583; baseline 0.005 -23"><span class='ocrx_word' id='word_1_314' title='bbox 254 3511 423 3579; x_wconf 82' lang='lat' dir='ltr'>dignabuntur.</span> <span class='ocrx_word' id='word_1_315' title='bbox 449 3510 520 3558; x_wconf 86' lang='lat' dir='ltr'>Nemo</span> <span class='ocrx_word' id='word_1_316' title='bbox 536 3525 640 3574; x_wconf 76' lang='lat' dir='ltr'>unquam</span> <span class='ocrx_word' id='word_1_317' title='bbox 664 3511 690 3556; x_wconf 89' lang='lat' dir='ltr'>in</span> <span class='ocrx_word' id='word_1_318' title='bbox 706 3509 751 3557; x_wconf 88' lang='lat' dir='ltr'>tali</span> <span class='ocrx_word' id='word_1_319' title='bbox 783 3510 809 3557; x_wconf 87' lang='lat' dir='ltr'>in</span> <span class='ocrx_word' id='word_1_320' title='bbox 825 3510 921 3574; x_wconf 86' lang='lat' dir='ltr'>Nepotis</span> <span class='ocrx_word' id='word_1_321' title='bbox 929 3513 1117 3577; x_wconf 77' lang='lat' dir='ltr'>Epaminonda2.</span> <span class='ocrx_word' id='word_1_322' title='bbox 1128 3520 1170 3583; x_wconf 83' lang='lat' dir='ltr'>qni</span> <span class='ocrx_word' id='word_1_323' title='bbox 1179 3523 1277 3569; x_wconf 76' lang='lat' dir='ltr'>tristem</span> 
     </span>
     <span class='ocr_line' id='line_1_35' title="bbox 254 3595 1277 3670; baseline 0.006 -23"><span class='ocrx_word' id='word_1_324' title='bbox 254 3599 412 3665; x_wconf 81' lang='lat' dir='ltr'>disputatione</span> <span class='ocrx_word' id='word_1_325' title='bbox 431 3597 523 3657; x_wconf 85' lang='lat' dir='ltr'>omisit,</span> <span class='ocrx_word' id='word_1_326' title='bbox 548 3611 624 3660; x_wconf 85' lang='lat' dir='ltr'>neque</span> <span class='ocrx_word' id='word_1_327' title='bbox 641 3595 749 3642; x_wconf 89' lang='lat' dir='ltr'>omittere</span> <span class='ocrx_word' id='word_1_328' title='bbox 783 3602 809 3641; x_wconf 86' lang='lat' dir='ltr'>et</span> <span class='ocrx_word' id='word_1_329' title='bbox 824 3611 932 3644; x_wconf 81' lang='lat' dir='ltr'>severunt</span> <span class='ocrx_word' id='word_1_330' title='bbox 952 3615 1032 3647; x_wconf 74' lang='lat' dir='ltr'>senaa</span> <span class='ocrx_word' id='word_1_331' title='bbox 1050 3604 1158 3650; x_wconf 81' lang='lat' dir='ltr'>erunibus</span> <span class='ocrx_word' id='word_1_332' title='bbox 1170 3609 1277 3670; x_wconf 63' lang='lat' dir='ltr'>neptali·</span> 
     </span>
     <span class='ocr_line' id='line_1_36' title="bbox 253 3678 1275 3753; baseline 0.007 -25"><span class='ocrx_word' id='word_1_333' title='bbox 253 3686 344 3750; x_wconf 72' lang='lat' dir='ltr'>potnit,</span> <span class='ocrx_word' id='word_1_334' title='bbox 361 3684 403 3748; x_wconf 89' lang='lat' dir='ltr'>qni</span> <span class='ocrx_word' id='word_1_335' title='bbox 416 3679 511 3746; x_wconf 87' lang='lat' dir='ltr'>quidem</span> <span class='ocrx_word' id='word_1_336' title='bbox 524 3678 585 3727; x_wconf 90' lang='lat' dir='ltr'>bene</span> <span class='ocrx_word' id='word_1_337' title='bbox 602 3680 749 3743; x_wconf 81' lang='lat' dir='ltr'>cogitaverit.</span> <span class='ocrx_word' id='word_1_338' title='bbox 784 3680 827 3727; x_wconf 80' lang='lat' dir='ltr'>lus</span> <span class='ocrx_word' id='word_1_339' title='bbox 847 3682 876 3727; x_wconf 86' lang='lat' dir='ltr'>in</span> <span class='ocrx_word' id='word_1_340' title='bbox 893 3683 1080 3742; x_wconf 75' lang='lat' dir='ltr'>familiaritate</span> <span class='ocrx_word' id='word_1_341' title='bbox 1107 3694 1275 3753; x_wconf 72' lang='lat' dir='ltr'>anteponetur,</span> 
     </span>
     <span class='ocr_line' id='line_1_37' title="bbox 253 3763 1275 3836; baseline 0 -18"><span class='ocrx_word' id='word_1_342' title='bbox 253 3771 331 3818; x_wconf 75' lang='lat' dir='ltr'>laeta</span> <span class='ocrx_word' id='word_1_343' title='bbox 345 3780 369 3817; x_wconf 91' lang='lat' dir='ltr'>et</span> <span class='ocrx_word' id='word_1_344' title='bbox 383 3768 474 3815; x_wconf 87' lang='lat' dir='ltr'>tristia</span> <span class='ocrx_word' id='word_1_345' title='bbox 486 3781 578 3829; x_wconf 87' lang='lat' dir='ltr'>semper</span> <span class='ocrx_word' id='word_1_346' title='bbox 590 3774 749 3828; x_wconf 87' lang='lat' dir='ltr'>opponuntur.</span> <span class='ocrx_word' id='word_1_347' title='bbox 783 3763 827 3812; x_wconf 88' lang='lat' dir='ltr'>ubi</span> <span class='ocrx_word' id='word_1_348' title='bbox 839 3766 909 3831; x_wconf 88' lang='lat' dir='ltr'>plura</span> <span class='ocrx_word' id='word_1_349' title='bbox 921 3766 1064 3819; x_wconf 80' lang='lat' dir='ltr'>Gebhardus.</span> <span class='ocrx_word' id='word_1_350' title='bbox 1079 3771 1188 3836; x_wconf 68' lang='lat' dir='ltr'>Inprimis</span> <span class='ocrx_word' id='word_1_351' title='bbox 1197 3788 1275 3827; x_wconf 67' lang='lat' dir='ltr'>autem</span> 
     </span>
     <span class='ocr_line' id='line_1_38' title="bbox 252 3847 1285 3917; baseline 0.003 -16"><span class='ocrx_word' id='word_1_352' title='bbox 252 3853 343 3917; x_wconf 86' lang='lat' dir='ltr'>Scripta</span> <span class='ocrx_word' id='word_1_353' title='bbox 358 3852 475 3901; x_wconf 72' lang='lat' dir='ltr'>Ciceronis</span> <span class='ocrx_word' id='word_1_354' title='bbox 487 3859 511 3898; x_wconf 93' lang='lat' dir='ltr'>et</span> <span class='ocrx_word' id='word_1_355' title='bbox 519 3847 660 3913; x_wconf 80' lang='lat' dir='ltr'>Quintiliani</span> <span class='ocrx_word' id='word_1_356' title='bbox 674 3864 750 3896; x_wconf 86' lang='lat' dir='ltr'>exem·</span> <span class='ocrx_word' id='word_1_357' title='bbox 782 3866 824 3897; x_wconf 86' lang='lat' dir='ltr'>nos</span> <span class='ocrx_word' id='word_1_358' title='bbox 840 3852 905 3899; x_wconf 83' lang='lat' dir='ltr'>iuvat</span> <span class='ocrx_word' id='word_1_359' title='bbox 923 3852 985 3900; x_wconf 91' lang='lat' dir='ltr'>illud</span> <span class='ocrx_word' id='word_1_360' title='bbox 1001 3856 1100 3917; x_wconf 84' lang='lat' dir='ltr'>Quintil.</span> <span class='ocrx_word' id='word_1_361' title='bbox 1118 3859 1194 3910; x_wconf 82' lang='lat' dir='ltr'>Instit.</span> <span class='ocrx_word' id='word_1_362' title='bbox 1212 3864 1285 3912; x_wconf 61' lang='lat' dir='ltr'>Orat„</span> 
     </span>
     <span class='ocr_line' id='line_1_39' title="bbox 251 3932 1277 4012; baseline 0.01 -26"><span class='ocrx_word' id='word_1_363' title='bbox 251 3937 298 4002; x_wconf 87' lang='lat' dir='ltr'>plis</span> <span class='ocrx_word' id='word_1_364' title='bbox 311 3936 440 3986; x_wconf 86' lang='lat' dir='ltr'>abundant.</span> <span class='ocrx_word' id='word_1_365' title='bbox 458 3933 572 3983; x_wconf 84' lang='lat' dir='ltr'>Cicerode</span> <span class='ocrx_word' id='word_1_366' title='bbox 586 3932 746 3994; x_wconf 79' lang='lat' dir='ltr'>orat..11‚al.</span> <span class='ocrx_word' id='word_1_367' title='bbox 780 3933 838 3984; x_wconf 76' lang='lat' dir='ltr'>till.</span> <span class='ocrx_word' id='word_1_368' title='bbox 851 3937 875 3984; x_wconf 80' lang='lat'>3.</span> <span class='ocrx_word' id='word_1_369' title='bbox 898 3938 963 3984; x_wconf 77' lang='lat' dir='ltr'>auu</span> <span class='ocrx_word' id='word_1_370' title='bbox 974 3941 1085 4002; x_wconf 84' lang='lat' dir='ltr'>primum</span> <span class='ocrx_word' id='word_1_371' title='bbox 1101 3953 1140 3992; x_wconf 89' lang='lat' dir='ltr'>est</span> <span class='ocrx_word' id='word_1_372' title='bbox 1153 3956 1184 3994; x_wconf 86' lang='lat' dir='ltr'>ut</span> <span class='ocrx_word' id='word_1_373' title='bbox 1200 3951 1277 4012; x_wconf 85' lang='lat' dir='ltr'>lique·</span> 
     </span>
     <span class='ocr_line' id='line_1_40' title="bbox 250 4009 1275 4093; baseline 0.011 -23"><span class='ocrx_word' id='word_1_374' title='bbox 250 4022 433 4084; x_wconf 85' lang='lat' dir='ltr'>Namquaniam</span> <span class='ocrx_word' id='word_1_375' title='bbox 442 4021 559 4080; x_wconf 80' lang='lat' dir='ltr'>haecfere</span> <span class='ocrx_word' id='word_1_376' title='bbox 567 4019 675 4065; x_wconf 77' lang='lat' dir='ltr'>marines</span> <span class='ocrx_word' id='word_1_377' title='bbox 680 4025 748 4079; x_wconf 82' lang='lat' dir='ltr'>sunt,</span> <span class='ocrx_word' id='word_1_378' title='bbox 782 4026 823 4080; x_wconf 83' lang='lat' dir='ltr'>at,</span> <span class='ocrx_word' id='word_1_379' title='bbox 832 4009 921 4086; x_wconf 76' lang='lat' dir='ltr'>augere</span> <span class='ocrx_word' id='word_1_380' title='bbox 928 4024 989 4086; x_wconf 85' lang='lat' dir='ltr'>quid</span> <span class='ocrx_word' id='word_1_381' title='bbox 995 4026 1098 4075; x_wconf 83' lang='lat' dir='ltr'>eelirnas</span> <span class='ocrx_word' id='word_1_382' title='bbox 1110 4046 1142 4077; x_wconf 90' lang='lat' dir='ltr'>an</span> <span class='ocrx_word' id='word_1_383' title='bbox 1150 4035 1259 4081; x_wconf 85' lang='lat' dir='ltr'>minuere</span> <span class='ocrx_word' id='word_1_384' title='bbox 1264 4054 1275 4093; x_wconf 79' lang='lat'>,-</span> 
     </span>
     <span class='ocr_line' id='line_1_41' title="bbox 251 4104 1275 4178; baseline 0.012 -24"><span class='ocrx_word' id='word_1_385' title='bbox 251 4113 310 4178; x_wconf 78' lang='lat' dir='ltr'>sunt</span> <span class='ocrx_word' id='word_1_386' title='bbox 322 4108 352 4152; x_wconf 87' lang='lat' dir='ltr'>in</span> <span class='ocrx_word' id='word_1_387' title='bbox 368 4108 478 4153; x_wconf 81' lang='lat' dir='ltr'>iudicum</span> <span class='ocrx_word' id='word_1_388' title='bbox 491 4106 597 4165; x_wconf 83' lang='lat' dir='ltr'>animis,</span> <span class='ocrx_word' id='word_1_389' title='bbox 614 4110 672 4163; x_wconf 87' lang='lat' dir='ltr'>aut,</span> <span class='ocrx_word' id='word_1_390' title='bbox 691 4104 744 4165; x_wconf 84' lang='lat' dir='ltr'>qui·</span> <span class='ocrx_word' id='word_1_391' title='bbox 777 4108 898 4154; x_wconf 65' lang='lat' dir='ltr'>caecitare</span> <span class='ocrx_word' id='word_1_392' title='bbox 914 4108 994 4157; x_wconf 83' lang='lat' dir='ltr'>dicere</span> <span class='ocrx_word' id='word_1_393' title='bbox 1010 4127 1043 4159; x_wconf 89' lang='lat' dir='ltr'>un</span> <span class='ocrx_word' id='word_1_394' title='bbox 1057 4116 1194 4178; x_wconf 82' lang='lat' dir='ltr'>moderate,</span> <span class='ocrx_word' id='word_1_395' title='bbox 1212 4120 1275 4165; x_wconf 75' lang='lat' dir='ltr'>arete</span> 
     </span>
    </p>
   </div>
   <div class='ocr_carea' id='block_1_4' title="bbox 0 0 1510 5000">
    <p class='ocr_par' dir='ltr' id='par_1_4' title="bbox 0 0 1510 5000">
     <span class='ocr_line' id='line_1_42' title="bbox 0 0 1510 5000; baseline 0 5"><span class='ocrx_word' id='word_1_396' title='bbox 0 0 1510 5000; x_wconf 95' lang='lat' dir='ltr'> </span> 
     </span>
    </p>
   </div>
  </div>
 </body>
</html>
