3009 5000
261 497 301 559 70
467 574 469 583 y
525 500 739 563 nouam
773 497 1022 560 rr1srorl

289 680 607 775 Publica'matcrieo
630 701 752 799 privati
773 701 855 771 iuris
878 703 959 791 erit,
984 702 1011 770 si

259 921 384 970 Didueere
403 921 526 987 Rhenum,
548 925 668 990 significat
686 922 760 972 dedu·
792 925 896 989 incepit:
910 925 1002 988 incepit
1013 940 1028 972 a
1040 922 1131 989 Μῆτιν
1146 920 1224 973 dude
1233 922 1292 971 ece

259 1023 313 1056 cere
329 1008 354 1054 in
369 1007 446 1057 variae
462 1019 556 1074 parter,
573 1008 679 1059 dividere
694 1027 719 1060 v.
737 1026 759 1060 c.
792 1007 961 1074 Πηληϊάδεω
977 1007 1122 1075 Ἀχιλῆος,
1144 1008 1189 1057 hoc
1205 1018 1241 1056 eet
1261 1009 1292 1054 ub

259 1094 285 1141 in
306 1085 407 1157 Mosamq
429 1094 554 1159 Vachalim,
573 1097 675 1159 lsalam,
696 1098 760 1146 liun-
791 1097 860 1144 irato
875 1096 987 1159 Achille,
1008 1094 1038 1143 ab
1057 1096 1126 1144 initio
1143 1092 1232 1143 Iliados
1252 1091 1293 1141 de-

260 1193 326 1241 cnm,
352 1178 444 1244 iham,
465 1181 569 1229 Flevum.
593 1181 642 1229 lam
666 1198 760 1230 carmen
792 1179 876 1245 duxit,
899 1191 923 1229 et
945 1183 1092 1229 continuavit
1109 1180 1229 1245 quidquid
1243 1180 1292 1226 Ilo-

258 1264 372 1329 lliacum,
381 1265 450 1329 lliae,
462 1276 498 1314 est
507 1265 604 1314 flumen.
619 1266 704 1331 Ingena
716 1266 761 1315 illa
792 1282 858 1314 mero
874 1268 996 1329 restabat,
1018 1275 1046 1314 ut
1067 1264 1130 1314 idem
1145 1264 1241 1313 Ovidius
1256 1262 1293 1312 di-

258 1349 408 1416 Tragicorum
431 1350 560 1399 multitudo
582 1350 624 1401 dia
645 1361 700 1400 ante
722 1352 760 1400 Pi·
792 1355 840 1417 cit,
861 1354 943 1419 itaque
959 1352 1082 1416 perduuit
1100 1349 1130 1399 ad
1146 1361 1241 1416 tempus
1255 1366 1292 1397 re·

206 1479 209 1484 .
258 1452 326 1485 sones
345 1435 446 1484 Iliadem
465 1434 560 1483 diduxit
573 1436 599 1484 in
620 1446 716 1485 centum
737 1447 763 1485 et
795 1439 903 1500 centius,
929 1453 1000 1504 qnam
1025 1452 1072 1502 quo
1095 1434 1200 1483 Achilles
1222 1437 1293 1483 vixit.

258 1519 502 1586 plnreeTragoediaa3
518 1521 584 1583 Piso,
598 1523 672 1570 maior
687 1533 760 1586 natu,
792 1521 947 1572 Scribendum
965 1533 1037 1588 puto:
1061 1523 1164 1570 Comen
1180 1522 1294 1568 elireto

258 1602 387 1653 deduceret
408 1607 435 1654 in
455 1621 526 1653 unam
545 1606 705 1673 Tragoediam.
735 1607 762 1657 Si
793 1609 851 1656 dum
867 1615 895 1656 tu
910 1609 1011 1657 deducis
1024 1608 1140 1670 Achille,
1160 1607 1293 1669 Primoque

258 1689 395 1756 Metaphora
415 1692 492 1756 petita
514 1701 549 1740 eet
565 1709 579 1741 a
595 1694 667 1756 luna,
689 1696 759 1743 unice
791 1696 889 1742 iuratis
904 1694 992 1742 induis
1006 1710 1076 1741 amca
1091 1693 1165 1741 viris.

260 1775 389 1824 tenendum
411 1777 518 1828 deducis.
543 1778 676 1846 Numquam
698 1781 761 1828 enim
828 1782 911 1844 Tuque
940 1781 1044 1829 Rectius
1066 1780 1172 1827 Hiemem
1196 1791 1294 1825 comen

260 1860 351 1910 dicitnr
371 1863 429 1911 leun
449 1863 564 1929 diducta,
587 1868 644 1931 qnia
665 1865 694 1914 de
710 1865 762 1913 colo
794 1866 894 1913 deducis
904 1867 933 1912 in
946 1873 1029 1927 actem,
1041 1866 1119 1924 Quum
1132 1866 1158 1911 ci
1167 1862 1295 1927 proferres

258 1948 390 1997 deducitur
405 1949 431 1996 in
448 1964 521 1999 unum
538 1951 693 2015 eumdemque
708 1951 761 1998 filo-
792 1952 882 2015 ignota
896 1950 1041 2014 indictaque
1051 1952 1160 2015 primur.
1181 1946 1243 2012 Quid
1258 1948 1294 1996 fe·

259 2050 313 2083 rum
333 2051 435 2084 currum.
460 2036 537 2101 Atque
557 2038 604 2084 icta
625 2034 763 2100 Metaplrora
794 2045 851 2083 runt
871 2037 917 2085 ieta
933 2033 1023 2086 verba?
1042 2036 1139 2084 Omnino
1154 2036 1243 2082 rectius
1259 2034 1295 2081 fa·

260 2118 330 2168 valde
354 2120 530 2192 sqequcntatur.
565 2119 623 2169 Vide
653 2120 763 2185 exempla
795 2122 857 2183 cies,
874 2123 895 2169 si
910 2120 1053 2187 tragoediam
1069 2121 1179 2169 sumseris
1195 2135 1225 2167 en
1241 2134 1295 2183 per·

261 2205 412 2271 apadlinrm.
426 2205 456 2254 ad
466 2205 543 2254 Ovidii
554 2206 632 2254 Amor.
641 2208 666 2270 l,
675 2217 727 2269 xlv,
737 2208 761 2257 7.
795 2223 851 2255 eona
865 2206 952 2270 iliaca,
974 2223 1045 2272 quam
1060 2209 1081 2255 ei
1096 2222 1180 2254 novam
1193 2213 1219 2252 et
1233 2202 1295 2253 indi·

261 2301 287 2340 et
302 2291 405 2340 alterum
426 2293 505 2341 linrm.
524 2291 555 2341 ad
570 2290 666 2341 Anthol.
683 2292 709 2341 T.
723 2292 761 2355 11,
795 2301 857 2341 ctam
872 2294 923 2358 ipse
940 2294 1084 2341 formaveris.
1101 2291 1150 2340 Hoc
1164 2306 1242 2356 neque
1255 2305 1295 2337 ve·

259 2394 316 2444 pag.
325 2380 381 2428 635.
397 2378 443 2427 llle
454 2378 483 2427 ad
496 2377 603 2427 Ovidium
612 2377 688 2427 edidit
694 2378 760 2427 ulos-
791 2394 844 2427 rum
861 2389 910 2441 est,
921 2395 999 2445 neque
1012 2378 1123 2427 Horatius
1135 2376 1227 2425 hortari
1242 2383 1296 2440 pot·

260 2480 311 2514 tam
335 2481 365 2514 ex
389 2464 435 2515 MS.
460 2463 584 2513 Leidenait
613 2464 764 2512 »Deductm
797 2472 855 2512 erat.
880 2463 977 2513 Omnino
993 2465 1083 2512 rectius
1099 2472 1123 2511 et
1139 2461 1296 2510 honorificen-

261 2560 365 2599 tractnm
386 2560 422 2598 eat
443 2566 457 2598 a
478 2549 533 2613 filo,
555 2547 620 2616 qnod
639 2547 763 2598 subtiliter
795 2551 844 2597 tina
859 2558 924 2611 erat,
940 2564 1024 2597 novam
1039 2550 1155 2610 formare,
1172 2562 1243 2612 qnam
1255 2562 1296 2594 ve·

262 2635 394 2685 deducatur
409 2651 424 2684 a
440 2635 519 2698 caelo,
538 2636 613 2684 etita
629 2634 762 2683 carminaa
794 2643 870 2682 terem
885 2635 961 2699 aequi.
983 2634 1057 2681 llaior
1072 2632 1125 2680 lane
1144 2634 1170 2681 in
1187 2633 1295 2680 invento-

262 2730 342 2770 mente
364 2721 541 2787 compositoris:
566 2718 629 2769 unde
653 2719 714 2769 alibi
736 2722 763 2770 in
795 2736 838 2782 re,
861 2735 932 2785 qnam
953 2720 1082 2768 imitatore.
1105 2719 1153 2766 Nec
1171 2719 1295 2784 quiequam

261 2807 352 2856 Ponto:
381 2807 472 2871 Accipe
496 2808 611 2871 Pmnpeii
633 2806 762 2854 deductum
794 2803 882 2852 dixerit
904 2803 934 2852 de
952 2821 978 2853 re
993 2803 1097 2852 nondum
1114 2813 1220 2866 tentata,
1243 2819 1295 2851 eam

263 2908 360 2941 carmen
373 2893 477 2941 odilla:
490 2891 762 2941 etalibiinllonorato:
797 2892 849 2938 sore
867 2890 905 2937 vel
922 2892 1027 2955 peiorem
1039 2890 1078 2938 rel
1093 2889 1224 2939 meliorem.
1248 2888 1295 2954 ,lp-

261 2980 359 3028 Soeciti
378 2979 482 3027 deductu
496 2975 611 3043 praenota
619 2979 697 3039 filo.’'
717 2975 763 3025 Ubi
794 2974 889 3041 parebit
903 2975 997 3024 demum
1012 2977 1038 3025 in
1051 2993 1077 3025 re
1092 2975 1207 3025 absoluta.
1226 2974 1296 3022 ilatio

262 3063 525 3132 procuelolegendnm
539 3063 763 3128 estaole,proHo—
795 3063 898 3127 oppositi
923 3060 969 3110 hoc
997 3061 1118 3126 postulat:
1148 3062 1232 3110 Tutior
1260 3067 1296 3106 ert

262 3148 759 3214 ueruto—Ilaratio,proSubtili·tenui.
793 3148 883 3196 imitari
903 3147 1028 3213 antiquum
1053 3146 1203 3213 exemplum,
1225 3159 1295 3210 quam

262 3235 321 3285 Nam
337 3245 373 3285 ert
388 3252 470 3285 verane
484 3235 576 3284 Horatii
593 3235 667 3300 Epist.
684 3234 720 3295 11,
736 3245 761 3295 1,
793 3235 875 3298 ignota
883 3233 998 3296 proferre:
1006 3232 1055 3296 vel,
1064 3249 1157 3281 carmen
1167 3229 1295 3278 deductum

264 3322 322 3371 225.
342 3328 368 3370 et
384 3324 456 3370 tenui
470 3322 573 3371 deducta
583 3326 698 3385 poeninen
705 3320 762 3381 filo.
797 3335 827 3367 ex
847 3316 923 3366 Iliade
939 3334 1031 3383 semper
1048 3320 1094 3366 erit
1109 3317 1207 3378 melina,
1224 3329 1295 3378 quam

263 3408 341 3473 ¹itque
357 3405 388 3456 ed
408 3406 470 3456 hanc
489 3407 665 3455 annotationem
687 3421 764 3453 meam
796 3412 852 3452 ate
876 3404 927 3468 ipso
948 3404 1010 3452 male
1028 3406 1150 3452 inventum
1167 3409 1192 3448 et
1216 3395 1296 3446 elabo-

223 3496 227 3506 '
264 3490 762 3561 pertinetlocnaOvidiilmor.lI,xv111,1.
795 3499 883 3537 ratam.
905 3490 981 3553 Quare
997 3487 1147 3538 scribendum
1162 3494 1234 3551 puto:
1247 3487 1296 3532 Tu·

266 3579 370 3627 Uarrnen
386 3578 419 3626 ad
432 3579 528 3626 iratum
540 3577 598 3626 dum
611 3575 766 3640 tuperdueic
799 3575 853 3622 tius
884 3575 991 3623 Iliacum
1018 3590 1116 3630 cannen
1143 3570 1244 3619 deducit
1265 3572 1297 3617 in

202 3711 205 3722 ,
261 3665 401 3726 Actium,
418 3664 551 3726 Primoque
566 3662 663 3710 iuratie
677 3661 766 3709 induit
797 3666 876 3709 aetion
892 3660 945 3709 vel:
962 3660 1066 3708 Metius
1079 3659 1184 3706 Iliacum
1198 3670 1297 3705 cumen

263 3764 335 3798 amna
355 3748 430 3798 vicie.
452 3747 547 3797 ovidius
566 3747 699 3812 alloquitur
707 3745 765 3795 dla-
796 3745 937 3794 deduciciu
949 3743 1122 3806 uetur,me
1130 3742 1296 3806 eieprfferrec

264 3851 331 3884 crum
351 3845 460 3901 poetam,
484 3835 528 3900 qni
547 3831 577 3881 de
595 3831 667 3881 rebus
686 3830 765 3880 Troia·
796 3833 884 3897 ignota
899 3831 1041 3893 indictoque
1052 3829 1161 3893 pdmum
1179 3826 1244 3877 lllnd
1257 3829 1296 3876 eie

265 3922 317 3984 nis,
336 3921 409 3969 etiam
424 3919 488 3982 illie,
508 3934 568 3985 quae
579 3916 765 3966 Poethomericae
798 3916 920 3982 eleganter
929 3915 1026 3980 ponitur
1039 3913 1068 3963 de
1082 3912 1166 3978 rebus,
1177 3930 1238 3980 quae
1248 3930 1296 3962 non

263 4015 393 4069 vocantur,
413 4006 522 4070 arripnit,
539 4013 564 4051 et
582 4002 612 4052 ab
628 4001 709 4052 Ouidio
724 4017 765 4051 vo-
796 4002 854 4049 aatie
869 4000 975 4048 feliciter
994 3999 1132 4048 succedunt.
1156 4000 1250 4048 Terent.
1270 4001 1296 4047 in

265 4102 333 4140 catur
348 4092 450 4140 Iliacae.
467 4090 511 4138 llic
526 4105 595 4138 ouum
610 4105 704 4137 carmen
719 4104 767 4136 non
799 4085 890 4134 Phorm.
907 4086 933 4147 1,
952 4098 983 4147 11,
1003 4087 1043 4134 96.
1067 4086 1136 4145 Quid
1151 4087 1191 4133 rei
1202 4080 1296 4150 gerit?

264 4174 424 4230 adiclrillem
432 4175 568 4240 perducit,
582 4170 764 4224 redebichille
796 4168 922 4237 respondet
936 4170 1007 4219 Geta:
1032 4173 1090 4234 Sic,
1113 4172 1230 4220 tenuiter.
1253 4165 1296 4217 abi
