3009 5000
572 440 633 499 Ab
663 436 880 498 Plsottnt
1174 436 1231 498 155

66 692 69 699 .
134 646 136 653 '
169 672 170 675 ¹
198 673 202 685 ·
247 638 304 709 Vir
323 637 434 708 bonus
454 646 489 709 et
508 638 657 733 prudens
673 661 789 710 versus
805 637 1026 734 reprehendet
1036 641 1175 730 inerter,

215 872 344 924 excavato,
369 863 426 912 vitis
447 871 473 911 et
493 860 563 910 edera
584 860 645 910 cseli
660 869 711 910 arte
744 863 848 910 Ferrum
869 863 966 911 tornaci
987 863 1103 913 solitum:
1129 873 1155 913 at
1175 880 1235 915 nua-

213 946 441 1014 superaddebantur.
463 948 557 996 Frustra
573 957 644 1010 sunt,
667 948 710 1012 qui
741 963 812 1013 quam
833 949 973 997 usuvenire
994 957 1085 1015 potest,
1101 959 1130 999 ut
1144 951 1235 999 serrum

212 1033 285 1083 aliam
298 1034 518 1105 interpretationem
531 1032 571 1081 hic
584 1042 709 1097 quaerunt.
742 1040 862 1082 tornatum
874 1032 904 1082 ad
915 1033 1025 1083 incudem
1032 1035 1187 1085 revocandum
1193 1038 1235 1086 sit.

212 1119 275 1184 Quid
291 1121 365 1186 crgo}>
380 1120 441 1168 Num
455 1125 499 1167 aut
510 1118 591 1183 lignea
604 1118 708 1166 vitreave
739 1118 832 1182 Quippe
856 1126 941 1167 torreas
956 1119 1050 1181 sucidis
1068 1130 1118 1184 est,
1138 1131 1167 1170 ut
1187 1124 1235 1171 iam

212 1204 314 1270 pocula,
331 1214 373 1253 aut
390 1204 510 1253 columnae
527 1202 650 1268 lapideae,
666 1212 708 1251 aut
740 1202 805 1268 apud
812 1203 934 1269 Virgilium
942 1204 1080 1269 habuimus,
1093 1208 1237 1269 instrumen-

211 1289 293 1340 bastae
316 1294 432 1340 coriaceae
453 1288 580 1339 incudibus
595 1287 709 1355 paraban·
740 1299 792 1338 tum
807 1291 911 1339 omnium
929 1291 1097 1354 certissimum,
1120 1293 1183 1359 quod
1198 1295 1235 1360 ip-

213 1379 270 1427 curt>
284 1378 320 1426 in
334 1379 381 1425 iam
398 1376 494 1425 tandem
506 1376 595 1424 sentire
608 1376 707 1440 incipis,
739 1376 789 1424 sias
812 1374 915 1424 turbinis
937 1379 1028 1427 ratione
1052 1394 1144 1444 semper
1167 1389 1235 1445 paret

211 1464 324 1511 diversos
333 1464 411 1527 plone
426 1476 479 1510 esso
493 1477 547 1523 res,
565 1463 671 1510 rmum
685 1469 709 1509 et
740 1462 842 1524 artifici,
859 1461 921 1511 nulli
934 1464 1007 1513 errori
1019 1461 1154 1515 obnoxium.
1171 1465 1234 1514 Nan·

211 1544 345 1596 insudent?
365 1547 423 1595 Nam
442 1547 520 1595 suavis
539 1562 594 1595 sane
611 1555 647 1594 est
663 1546 707 1595 Da·
739 1562 810 1612 quam
825 1547 900 1612 igitur
912 1563 926 1596 a
940 1556 1006 1597 torno
1020 1558 1045 1597 et
1058 1548 1235 1600 turbinibusad

211 1634 310 1693 cicrius3
325 1634 368 1701 qui
379 1631 433 1681 ideo
447 1639 544 1707 toruum
557 1630 587 1680 ad
597 1630 707 1681 incudem
739 1631 849 1680 incudem
870 1634 959 1683 reverti
982 1650 1040 1699 opus
1061 1644 1127 1692 erat3
1144 1638 1179 1685 “ut
1194 1636 1234 1686 vel

211 1727 236 1768 et
256 1709 327 1768 folles
344 1720 464 1784 pertinere
483 1716 620 1780 contendit,
643 1716 706 1783 quod
737 1716 859 1766 fabrorum
867 1719 948 1782 pueris
955 1719 1028 1767 risum
1036 1718 1134 1768 deberet
1141 1721 1233 1785 Noster,

209 1805 346 1871 Propertius
355 1804 406 1853 loco
414 1802 478 1851 dicto
487 1805 592 1851 Turnum
601 1812 625 1850 et
633 1804 707 1867 Ignes
738 1804 761 1851 si
777 1819 806 1851 ex
821 1820 901 1852 eorum
910 1802 1003 1853 officina
1010 1814 1059 1853 tam
1075 1822 1146 1870 prave
1157 1816 1182 1855 et
1189 1808 1233 1855 im·

210 1891 349 1956 coniungit,
373 1890 467 1936 Desine
486 1889 596 1938 Achilleo
613 1904 705 1954 compo·
736 1889 815 1954 perite
827 1889 1007 1939 rimilitudinem
1020 1890 1134 1941 traheret.
1148 1892 1235 1957 Quodsi

209 1975 496 2036 mauriacensem,
512 1974 620 2037 Desine,
636 1973 708 2022 stud
737 1974 840 2022 alterum
863 1976 910 2024 iam
938 1975 1043 2040 malunt,
1068 1987 1096 2026 ut
1121 1985 1235 2027 tonrotccs

209 2062 293 2111 molles
304 2061 409 2109 menbra
419 2061 510 2109 recoles
520 2061 609 2109 choros.
620 2061 706 2125 Inm'ps
736 2059 801 2109 idem
825 2060 900 2109 suerit
920 2078 948 2109 ac
963 2062 1087 2126 sculpatur,
1107 2065 1235 2113 caelatus:

209 2149 263 2196 s'cm
275 2146 707 2213 angustaversusa'nchcderetomc:
738 2147 793 2211 pari
814 2146 854 2195 vel
877 2149 964 2196 maiore
984 2150 1064 2214 potins
1090 2150 1234 2200 incommodo

210 2235 286 2297 Inque
303 2240 358 2280 tuoe
373 2233 460 2296 ignes,
469 2231 529 2280 ders
539 2239 628 2295 poeta,
642 2233 707 2278 oeni.
740 2230 915 2281 mactabantur.
931 2234 985 2282 iin’
1001 2236 1046 2284 tu?
1061 2235 1125 2284 Tune
1140 2254 1235 2301 praecc-

211 2317 256 2367 Ubi
271 2319 301 2365 in
314 2324 370 2365 tuos
380 2318 455 2381 ignes
467 2317 525 2364 veni
536 2316 707 2380 interpretatur
739 2317 803 2381 peris
816 2316 935 2384 Polycleto
951 2328 994 2367 aut
1004 2319 1124 2386 Pyrgoteli
1138 2322 1234 2389 velbiy-

211 2404 323 2453 Emitte
344 2410 399 2451 tuos
419 2417 506 2450 cereus
526 2403 556 2448 in
564 2401 705 2465 fornocsrn,
738 2403 792 2450 roni
808 2411 850 2450 aut
865 2403 966 2452 Mentori
980 2413 1021 2468 ut,
1035 2406 1056 2453 si
1071 2407 1129 2472 quid
1144 2409 1174 2456 iis
1189 2407 1234 2457 sub

208 2496 240 2539 ut
259 2489 382 2538 molliores
399 2488 457 2536 inde
473 2494 570 2537 coeant.
594 2485 707 2553 Obstupe-
739 2504 811 2537 manu
823 2505 870 2538 non
888 2487 919 2537 ad
934 2498 1014 2539 votum
1029 2494 1180 2558 successerit,
1197 2495 1234 2545 in·

209 2574 263 2624 bam
288 2572 413 2640 equidem,
440 2589 494 2622 cum
518 2572 578 2621 haec
601 2574 703 2639 primum
736 2572 1043 2641 endireddereturPQuid,
1056 2579 1158 2644 malum,
1172 2582 1234 2631 ml.

208 2660 321 2727 legerem.
334 2659 391 2724 Quis
403 2660 465 2708 enim
477 2660 554 2708 nescit
565 2659 639 2724 ignes
652 2675 705 2725 per·
736 2658 846 2724 ptoribus
866 2677 919 2709 cum
935 2662 1039 2714 incude?
1054 2681 1153 2731 quorum
1174 2685 1233 2734 opus

208 2745 264 2795 inde
281 2761 330 2793 esse
346 2761 374 2794 ac
386 2745 501 2806 Amores,
517 2745 638 2792 notissima
648 2760 705 2809 poe·
736 2746 860 2793 materiam
873 2745 931 2795 licet
952 2750 1092 2798 carissimam
1111 2752 1182 2818 longo
1197 2756 1234 2803 iu·

210 2832 241 2880 tis
255 2833 349 2897 figura,
365 2839 394 2878 ut
409 2831 481 2878 Meus
492 2830 565 2894 ignis
572 2829 703 2893 Amyntas.
736 2828 837 2877 tervallo
845 2830 979 2896 superabat.
993 2834 1131 2903 btsiopus,
1141 2840 1228 2904 inquis,

209 2916 328 2981 Praecipit
343 2917 418 2981 igitur
430 2915 540 2980 Lynceo,
556 2923 640 2979 poetae
653 2915 707 2979 api·
738 2912 801 2963 male
814 2918 923 2979 cesserit,
940 2917 1024 2982 quIdni
1037 2920 1119 2969 incudi
1135 2925 1233 2975 materia

208 3017 253 3063 co,
279 3003 321 3066 qui
345 3002 371 3048 in
394 3015 496 3048 amorem
518 3015 596 3064 nuper
618 2997 708 3047 incide·
738 2998 870 3050 reducum
884 3001 1031 3052 Gemmamne
1043 3004 1123 3055 reddis
1138 3018 1181 3055 aut
1196 3026 1234 3058 ar-

208 3096 264 3150 rat,
286 3096 333 3149 ut,
356 3085 440 3140 relicto
465 3084 559 3134 heroico
576 3094 601 3133 et
624 3083 709 3154 grandi
740 3096 839 3151 gentum
854 3086 1015 3137 incudiPimo
1030 3090 1172 3142 ferrumvel
1185 3111 1235 3147 aes.

208 3173 326 3234 carmine,
342 3173 426 3220 choros
446 3181 472 3219 et
487 3185 581 3219 umores
600 3170 705 3236 angustis
737 3171 856 3235 Quantum
876 3188 932 3221 vero
956 3172 1069 3224 lucellum
1091 3178 1116 3226 in
1140 3181 1234 3231 tantula

207 3258 286 3324 Elegia
310 3257 406 3307 scribat.
438 3256 500 3321 Quid
523 3256 569 3305 hoc
590 3257 650 3305 facit
674 3255 704 3304 ad
736 3258 799 3305 aeris
809 3258 925 3306 materia?
940 3258 990 3323 Qua
1005 3264 1148 3331 tamiuepta
1161 3268 1236 3331 parsi.

201 3340 349 3406 sornacsm?
371 3344 445 3391 Immo
460 3359 532 3405 vero,
548 3352 576 3391 ut
592 3341 704 3391 conceda·
737 3343 829 3405 monia,
854 3358 914 3409 qnae
936 3347 1048 3412 exiguum
1069 3333 1175 3415 aigillum
1195 3353 1236 3402 vel

210 3446 262 3479 mus
274 3430 338 3494 iilis,
355 3438 380 3477 et
392 3435 487 3477 tmaen
496 3426 632 3477 fabricando
640 3429 704 3476 ferro
736 3426 852 3477 annulum
865 3428 942 3479 denuo
958 3431 1113 3485 conflaverit?
1124 3438 1153 3485 In
1165 3441 1234 3488 tenui

209 3515 266 3564 olim
289 3515 436 3577 inserviisre,
462 3522 486 3562 et
501 3513 639 3579 cometen
657 3522 706 3562 tor*
736 3512 788 3562 illis
801 3513 867 3562 labor
881 3525 944 3566 eret:
962 3528 986 3566 et
1001 3519 1235 3573 infelicissimueom-

208 3617 269 3649 nore
284 3599 348 3649 idem
369 3615 417 3648 csse
432 3614 640 3665 nonnunquamac
655 3617 704 3648 το-
735 3601 803 3648 nium
827 3601 915 3651 artifex
939 3604 1027 3669 fuerit,
1049 3607 1089 3655 cui
1108 3608 1147 3655 vel
1166 3607 1234 3660 aber·

209 3685 300 3752 ριύειν
321 3687 427 3750 coslare,
455 3686 580 3749 swlprerc5
604 3697 703 3750 quorum
736 3683 812 3735 rantis
827 3703 909 3737 manus
923 3698 972 3738 tam
992 3692 1107 3740 incassum
1121 3691 1234 3744 ceciderit

208 3770 272 3820 illud
298 3771 433 3821 inauditum
459 3780 512 3832 est,
536 3769 581 3818 boc
605 3769 703 3819 salsum:
736 3788 809 3838 opus,
831 3782 860 3822 ut
880 3773 942 3822 nibil
958 3792 1053 3842 prorsus
1067 3776 1144 3826 nudae
1160 3787 1235 3829 mats·

210 3873 331 3922 nunquam
338 3855 706 3922 tamenefficient,rectumpro-
737 3859 787 3907 riae
806 3860 879 3923 pretii
894 3860 1023 3910 accederet.
1044 3862 1137 3923 Stultus
1152 3866 1234 3933 itaque

209 3942 313 4008 bumque
339 3957 402 4005 esse,
420 3941 483 4007 qnod
498 3944 524 3991 in
540 3942 621 3991 Flacco
645 3959 708 3992 nunc
739 3946 786 4006 sit,
801 3944 998 4009 quisculptorem
1011 3946 1057 3997 sibi
1069 3965 1153 4014 parum
1166 3954 1234 4001 satis·

209 4027 341 4090 babemus,
377 4029 445 4076 Molo
478 4035 587 4077 tornatos
618 4029 705 4077 incudi
737 4030 864 4078 facientem
888 4028 918 4078 ad
941 4030 1012 4080 folles
1032 4043 1057 4082 et
1072 4035 1181 4086 incudem
1197 4041 1232 4088 ire

210 4116 341 4166 reddendos
362 4129 422 4163 esse.
440 4115 497 4165 Nam
509 4116 530 4163 si
542 4113 569 4163 id
584 4116 704 4181 accipiunt
736 4113 831 4175 iubeat3
849 4118 987 4181 praesertim
1003 4135 1057 4169 cum
1073 4121 1178 4173 cadomi
1196 4126 1232 4174 in-
