3009 5000
258 463 298 525 46
438 452 442 459 ⁴
524 464 736 526 HORATII
767 466 1014 528 aelstani

286 661 421 736 Preiicit
442 666 609 760 ampullas
632 673 666 735 et
691 624 933 761 sesquipedalia
958 667 1077 758 verba,

252 892 365 954 Scriptor
380 890 577 956 Tragoediarum.
595 891 667 955 Atqui
684 891 751 954 inep·
784 907 857 955 perne
878 889 1019 953 notabatur,
1044 892 1060 937 E
1085 908 1098 938 a
1129 891 1285 956 praecedente

254 987 278 1023 te
295 977 410 1041 quispiam
425 975 529 1038 dixerit,
547 977 640 1022 Poetam
655 977 679 1023 in
698 975 753 1022 Tra·
786 974 970 1023 absorbebatur:
988 975 1053 1023 rides
1071 976 1126 1024 inde
1144 977 1223 1025 mendi
1240 979 1286 1025 ini·

253 1061 336 1127 goedia
353 1061 445 1117 dolere;
469 1063 557 1126 quippe
574 1063 616 1125 qui
633 1077 752 1125 nunquam
777 1062 845 1108 'tium
857 1072 881 1108 et
890 1077 1044 1126 progressum.
1055 1062 1126 1110 llecte
1138 1063 1286 1128 igitucapud

254 1165 283 1194 cx
301 1164 397 1212 persona
413 1164 454 1195 sna
471 1147 584 1212 loquitur.
610 1146 672 1193 Vidit
689 1146 751 1206 hoc,
785 1147 893 1194 Nostrum
916 1149 1080 1195 coniunximus
1103 1150 1225 1213 Tragicus
1243 1152 1287 1197 Te-

254 1243 282 1280 ut
304 1234 400 1297 opinor,
422 1233 455 1280 ct.
474 1232 605 1279 Dacierius:
625 1240 649 1277 et
667 1229 755 1277 idcirco
789 1233 887 1294 lephus:
913 1243 936 1279 et
952 1234 1057 1297 agnoscis
1078 1233 1146 1281 credo
1164 1234 1287 1299 pulchram

253 1326 358 1365 actorem
373 1318 411 1365 hir
425 1319 613 1381 iuterpretatur,
631 1332 676 1362 non
693 1317 755 1363 scri·
787 1319 964 1381 oppositionem.
1007 1319 1033 1365 in
1062 1318 1183 1368 Comoedia
1213 1321 1288 1368 iratus

249 1413 344 1468 piorem
382 1403 460 1449 livius
493 1400 588 1466 quidem
623 1403 755 1449 Aristonem
790 1403 903 1450 Chremes
916 1403 1023 1465 tumido,
1037 1405 1063 1451 in
1075 1405 1202 1468 Tragoedia
1221 1408 1290 1453 Tele·

255 1489 379 1555 quemdam
398 1491 420 1535 T
419 1490 530 1552 ragicum
546 1496 651 1534 actorem
670 1504 755 1534 memo·
784 1490 850 1551 phas
868 1505 957 1552 pauper
975 1489 1061 1537 humili
1079 1507 1183 1538 sermone
1201 1493 1286 1540 utitur.

256 1586 307 1631 rats
330 1590 411 1622 verum
430 1590 498 1621 nemo
518 1581 622 1621 actorem
644 1572 752 1621 absolute
786 1574 838 1621 Aac
851 1591 905 1620 vero
919 1591 960 1638 pro
970 1583 994 1622 et
1003 1574 1156 1638 adscivimus,
1170 1578 1288 1625 sententia

259 1663 390 1726 Tragicam
402 1660 478 1722 dixit,
495 1660 535 1708 sed
551 1653 708 1725 Tragoedum
722 1659 757 1706 Tu
790 1659 902 1721 iubente,
926 1661 982 1708 licet
996 1660 1101 1709 abnuant
1118 1660 1231 1709 librarii:
1254 1664 1289 1710 sic

257 1748 309 1812 iege
328 1758 352 1795 et
368 1746 500 1811 distingue:
524 1748 562 1794 Et
579 1749 692 1812 tragicus
705 1748 757 1810 ple·
773 1747 852 1826 Xinira
868 1763 901 1794 vs.
921 1749 974 1796 1⁰4.
995 1750 1096 1811 Telephe
1112 1750 1250 1796 celPeleu:
1264 1758 1289 1796 et

256 1850 355 1898 rumque
372 1836 437 1887 dalet
457 1849 565 1881 semema
578 1834 690 1896 pedestri
711 1835 755 1879 Tc·
787 1832 877 1894 Cicero,
900 1843 927 1880 ut
948 1834 994 1881 iam
1019 1833 1114 1895 vidisti,
1139 1836 1227 1882 Oresta
1243 1841 1289 1881 aut

258 1923 342 1984 lephus
357 1929 402 1968 aut
420 1921 523 1967 Peleus:
544 1935 598 1966 cum
615 1933 711 1982 pauper
733 1925 759 1963 et
791 1919 947 1966 Athamante.
963 1919 1120 1969 BENTLEIVS.

256 2010 327 2055 ausui
343 2015 445 2068 uterque
467 2006 578 2052 Praiicit
594 2005 715 2066 ampullam
731 2010 758 2049 et
814 1996 931 2051 'Horatius
952 2021 999 2051 non
1016 2004 1078 2052 dixit
1092 2006 1233 2069 simpliciter
1249 2007 1289 2054 du-

255 2093 435 2156 scsquipedalia
452 2091 530 2137 uerba.
549 2088 593 2135 Ubi
614 2089 756 2135 constructio
789 2090 838 2149 let,
856 2088 897 2135 sed
912 2105 1021 2137 sermore
1024 2092 1139 2154 pedestri
1146 2093 1227 2153 delet,
1244 2091 1289 2140 hoc

256 2191 305 2241 est,
333 2180 456 2242 Tragicos
478 2176 598 2238 Telephus
626 2184 667 2221 aut
697 2176 719 2221 T
718 2189 758 2220 re·
791 2184 840 2235 est,
865 2176 890 2222 in
908 2175 1027 2240 tragoedia
1042 2187 1065 2224 et
1079 2194 1177 2241 persona
1193 2176 1289 2225 dolente

252 2268 327 2331 gisus
343 2265 432 2311 Peleus
447 2263 585 2328 plerumque
602 2259 688 2308 humili
708 2277 757 2308 ser·
789 2270 858 2325 poeta
875 2263 953 2308 utitur
968 2279 1073 2310 sermone
1091 2262 1208 2327 pedestri,
1225 2264 1289 2325 sive,

256 2369 323 2400 mone
341 2350 413 2398 dolet.
432 2349 514 2396 Noster
527 2347 600 2394 Serm.
617 2347 654 2408 ll,
672 2361 698 2407 v,
716 2347 756 2395 91.
790 2356 818 2394 nt
835 2357 898 2394 recte
912 2347 1097 2397 Commentatoc:
1119 2350 1213 2396 doleres
1228 2349 1291 2396 scri-

258 2440 345 2486 Dacus·
359 2438 398 2484 sis
420 2437 533 2483 comicus.
558 2434 636 2480 Cicero
655 2434 680 2479 in
695 2433 756 2479 Pisc-
790 2433 827 2480 eir
843 2441 868 2479 et
884 2414 991 2495 caperit.
1008 2435 1122 2498 loquitur
1138 2436 1248 2482 nimirum
1258 2434 1287 2482 de

254 2541 313 2574 ¹nem
329 2526 368 2571 20.
388 2524 442 2586 Ego
459 2529 483 2567 te
498 2536 544 2566 noer
562 2518 695 2577 vecordem,
709 2533 757 2563 aare
790 2525 861 2578 arte,
883 2534 930 2581 qua
947 2529 1016 2582 poeta
1036 2518 1142 2582 fabulam
1160 2522 1287 2584 componit.

253 2611 397 2672 furacem,
419 2622 466 2653 arom
481 2611 561 2650 meute
579 2610 694 2665 captum,
710 2618 758 2648 aon
790 2602 854 2648 Tunc
868 2613 938 2666 poeta
954 2603 1031 2650 omnia
1047 2606 1120 2666 facit,
1137 2621 1197 2670 quae
1213 2607 1288 2654 actori

262 2695 359 2757 tragico
375 2693 420 2739 illo
441 2692 527 2737 Oreste
543 2696 588 2735 aut
608 2688 759 2734 Athamante
792 2685 886 2734 mandat
909 2698 933 2735 et
952 2689 1086 2737 committit.
1108 2690 1159 2755 lpse
1180 2691 1290 2740 Horatius

260 2780 432 2828 derreeaticrem
443 2771 555 2839 putem?
578 2773 708 2838 Appuleius
731 2774 757 2819 in
791 2772 863 2836 Epist.
882 2773 905 2834 l,
920 2786 959 2835 m,
979 2776 1022 2836 14,
1037 2774 1065 2822 de
1082 2777 1219 2825 amicosuo:
1240 2778 1291 2835 Qui

261 2866 388 2930 Apologia:
407 2861 718 2924 Quanquamteterrimum
732 2874 758 2905 os
792 2860 899 2922 Tragicu
917 2860 1069 2908 desaeviret
1086 2866 1238 2927 ampullatur
1261 2865 1290 2911 iu

189 2960 192 2973 '
262 2960 330 3000 mum
346 2951 477 2997 minimae
491 2946 705 3010 Tityastatragico
720 2945 760 2991 de·
791 2951 854 2992 arte.
873 2943 908 2992 lbi
919 2957 988 3010 poeta
1001 2950 1160 3011 ampullatur.
1183 2952 1240 3012 Hic,
1253 2967 1289 2999 vs.

260 3045 354 3085 mutet:
370 3035 413 3083 ubi
426 3036 513 3082 frustra
526 3041 594 3092 sunt,
612 3032 653 3095 qui
667 3031 759 3093 Thespi
791 3032 831 3079 st.
846 3048 943 3095 persona
952 3035 1061 3095 proiicit
1074 3038 1202 3098 ampullas.
1224 3037 1290 3084 lure·

262 3133 303 3171 aut
319 3121 384 3169 aliud
407 3122 484 3168 nescio
500 3118 558 3183 quid
573 3125 697 3181 reponunt.
725 3116 760 3164 lta
793 3116 840 3164 nal.
858 3118 934 3183 Satyr.
952 3118 997 3180 vt,
1013 3121 1069 3168 635.
1090 3124 1186 3169 Grande
1202 3124 1290 3185 Sepho·

262 3210 355 3257 Comici
374 3209 458 3267 sarci,
484 3206 578 3252 Coraiei
595 3217 677 3264 serres,
694 3200 758 3266 apud
790 3192 948 3250 eleocarmeu
966 3205 1108 3253 bacchamur
1123 3209 1203 3255 hiatu.
1218 3207 1289 3269 Quin·

261 3294 378 3341 Plautum.
396 3292 531 3356 Propertius
548 3290 591 3350 ll,
609 3290 691 3357 epid.
709 3288 759 3336 Sed
790 3287 827 3335 til.
844 3288 920 3336 instit.
937 3288 1044 3353 Oratli,
1058 3306 1080 3353 1,
1094 3295 1134 3341 68.
1153 3291 1289 3354 Eun'pides

256 3380 344 3444 petius
367 3377 454 3425 maruli
474 3378 551 3423 Thais
567 3375 681 3438 pretiosa
705 3375 758 3422 Me·
790 3376 819 3421 ira
834 3375 964 3435 afflatibus
979 3392 1033 3424 eum
1053 3379 1174 3438 mnasilus,
1192 3385 1243 3439 tum
1260 3369 1310 3425 irs¹

259 3466 359 3512 mandri.
388 3464 446 3511 Cum
462 3463 532 3521 jerit
553 3468 651 3508 astutos
668 3462 758 3507 amnica
791 3461 841 3521 iis,
858 3463 902 3522 qui
916 3463 1076 3510 miseratione
1099 3471 1229 3520 constent,
1244 3463 1289 3524 sa·

259 3553 354 3600 moecha
365 3553 448 3597 Getas.
457 3546 571 3594 Caecilius
579 3545 685 3610 Epiclero
693 3545 757 3611 apud
788 3548 836 3593 eila
848 3549 1006 3610 praecipuus.
1024 3549 1049 3595 Si
1066 3558 1136 3612 poeta
1152 3549 1177 3596 iu
1190 3549 1289 3613 Tragoe-

259 3639 391 3685 Ciceronem
417 3638 442 3683 in
463 3633 541 3681 Laelio
557 3634 597 3681 26.
624 3633 703 3680 [lodie
720 3648 759 3679 ure
792 3631 830 3679 dia
846 3649 965 3697 nunquam
979 3633 1057 3694 dolet,
1075 3633 1146 3683 etiam
1160 3633 1289 3683 nonhabet

258 3732 317 3772 eote
347 3737 427 3770 merres
449 3722 550 3767 ceruices
573 3720 664 3766 stultos
687 3733 757 3765 senec
789 3717 903 3779 affectus,
929 3729 953 3766 et
971 3719 1130 3781 Quintilianus
1153 3719 1231 3768 dicere
1249 3720 1290 3769 de·

262 3812 374 3858 Varsaris
395 3817 468 3872 atque
494 3808 586 3854 luseris
606 3806 756 3852 lautissime.
790 3803 895 3851 buisset:
922 3820 1032 3868 personae
1051 3805 1154 3869 tragicae
1171 3807 1290 3873 Euripidis

259 3896 302 3944 Ubi
316 3914 359 3961 pro
376 3897 467 3943 luseris
478 3893 598 3941 Palatinus
615 3892 703 3956 primus
719 3890 759 3936 co-
792 3892 817 3937 in
826 3889 1014 3937 affectibussunt
1024 3890 1095 3938 sac-ile
1103 3895 1290 3959 praecipuae.-

259 3980 303 4029 det
335 3981 406 4029 habet
434 3981 554 4028 auxeris:
580 3977 642 4025 unde
665 3978 756 4040 corrigo
791 3978 912 4040 Tragicos
928 3986 963 4023 est
984 3975 1071 4042 aliquis
1087 3980 1115 4026 ira
1138 3982 1288 4046 Tragoedia,

260 4068 402 4114 certissime:
432 4068 544 4113 Vcrsaris
559 4073 631 4127 atque
646 4077 758 4110 ememus·
791 4072 818 4108 ut
828 4063 1288 4131 PeleustrugieusestPelerrsqualisin

259 4153 300 4202 ris
314 4153 464 4200 hutissimc.
475 4152 555 4199 litera
570 4151 593 4198 tt
608 4159 701 4197 tantum
716 4163 756 4196 aa·
786 4147 913 4212 Tragoedia
925 4147 1060 4210 inducitur3
1075 4151 1194 4200 interdum
1203 4161 1228 4199 et
1234 4151 1289 4199 Tra·
