3009 5000
263 426 320 490 168
530 427 745 489 noanru
776 413 1019 487 arrs'roia

257 618 321 670 ctus,
330 609 457 674 Epistolam
472 607 586 657 scriberet
599 607 628 656 de
641 625 683 669 co,
697 605 760 672 quod
792 608 841 654 tius
856 607 1055 654 eminentissimo
1071 613 1210 670 praecepta,
1227 612 1288 651 teste

259 696 285 742 iu
297 703 383 742 natura
399 702 424 742 et
437 695 512 742 forma
525 695 616 759 poesios
628 709 709 740 verum
723 709 758 740 es·
790 690 935 753 Scholiasta,
953 709 982 740 ex
997 690 1148 756 Neoptolemo
1164 690 1289 756 congessit.

259 788 296 827 set
318 787 344 826 et
361 779 473 844 elegans,
493 777 602 844 idemque
617 780 642 826 in
658 795 686 826 ea
703 779 761 826 scri·
792 776 883 841 Selegit
899 778 989 841 igitur,
1012 786 1037 824 et
1050 777 1076 824 in
1091 774 1212 841 seligendo
1228 773 1291 823 iudi-

259 865 343 929 ptione
356 865 431 929 ipsam
448 865 547 912 sormam
563 866 598 912 ita
613 863 761 929 negligeret,
795 863 858 910 oium
873 860 993 910 adhibuit.
1014 863 1111 910 Etiamsi
1127 861 1293 927 Neoptolemus

261 957 291 997 ut
315 950 390 1014 magis
414 948 536 997 videretur
564 948 698 1013 exemplum
722 947 764 995 de·
795 948 821 995 in
846 948 981 995 oeconomia
1005 948 1091 996 suisset
1117 946 1292 1012 negligentior,

264 1032 324 1082 disse
343 1035 457 1099 pessimae
474 1035 577 1090 formae;
598 1034 666 1099 quasi
681 1050 766 1098 propo·
798 1032 907 1081 lloratins
936 1049 985 1081 esse
1010 1049 1057 1081 non
1081 1033 1205 1098 potuisset.
1243 1032 1293 1078 Duo

266 1134 353 1184 ponere
369 1119 500 1181 voluisset,
522 1128 551 1167 ut
565 1120 649 1167 Graeci
664 1118 764 1179 dicunt,
798 1119 993 1182 praestantissimi
1029 1128 1112 1184 poetae
1152 1118 1295 1165 recentiores
1347 1175 1351 1184 Ι

266 1207 318 1268 τὴν
334 1205 363 1252 ἐκ
381 1203 545 1271 διαστροφῆς
563 1199 767 1269 ἐπανόρθωσιν)
798 1201 881 1251 multis
906 1213 958 1267 post
982 1202 1082 1250 saeculis
1106 1201 1137 1251 ad
1161 1202 1296 1267 exemplum

267 1289 292 1338 Si
304 1290 413 1338 lloratius
429 1287 484 1337 data
497 1304 569 1354 opera
581 1290 608 1336 in
620 1287 679 1335 locis
692 1288 767 1335 mari·
798 1287 891 1335 Horatii
905 1285 979 1335 libros
991 1288 1021 1335 de
1033 1295 1088 1335 crte
1100 1289 1200 1352 poetico
1216 1285 1295 1335 edide-

267 1392 304 1423 me
325 1375 410 1423 alienis
426 1373 518 1423 diversa
533 1384 660 1439 praecepta
677 1389 764 1438 ponere
797 1383 870 1435 runt,
895 1374 925 1422 Μ.
939 1372 1094 1439 Hieronymus
1109 1373 1184 1435 vida,
1202 1373 1294 1434 Italus,

266 1460 395 1521 voluisset,
406 1461 446 1507 rix
460 1459 545 1507 melius
558 1461 689 1524 potuisset,
698 1475 768 1524 quam
799 1460 897 1521 Latine,
911 1458 1020 1506 Nicolaus
1035 1458 1153 1507 Boilaiius
1165 1458 1195 1506 de
1207 1460 1296 1520 Eratis,

183 1550 187 1556 '
267 1554 298 1593 ut
312 1561 376 1592 nunc
392 1546 468 1609 posita
484 1547 624 1610 accepimus.
641 1544 767 1609 Fingello·
798 1544 1039 1607 Francus,Francice.
1047 1544 1169 1592 lloratium
1175 1561 1266 1609 semper
1274 1554 1300 1592 et

265 1631 354 1679 ratium
367 1629 460 1694 singula
475 1639 601 1695 praecepta
615 1630 770 1694 composuisse
803 1627 892 1694 ubique
908 1639 963 1678 aute
980 1628 1061 1678 oculos
1076 1627 1197 1693 habuere,
1219 1631 1298 1678 imita-

265 1716 407 1781 separatim‚
424 1714 492 1764 verbi
504 1732 598 1779 caussa,
615 1713 687 1763 hodie
701 1731 769 1780 prae·
801 1716 880 1777 tione,
897 1730 967 1780 saepe
983 1716 1069 1777 nimia,
1087 1733 1236 1781 expressere,
1252 1717 1300 1764 toti

270 1811 366 1867 ceptam
381 1801 410 1848 da
425 1803 534 1849 carmine
547 1803 656 1864 heroico,
672 1817 723 1850 cras
739 1799 768 1849 de
802 1799 832 1848 ab
845 1800 940 1849 lloratio
952 1800 1096 1866 pendentes,
1109 1803 1156 1850 toti
1168 1803 1297 1850 Horatiani.

268 1889 355 1952 inepto
370 1887 521 1949 recitatam,
541 1896 591 1934 tum
608 1887 637 1934 de
652 1887 770 1934 medendis
802 1887 917 1951 Uterque,
931 1884 994 1951 quod
1006 1888 1032 1934 in
1045 1887 1148 1951 Epistola
1161 1887 1191 1936 ad
1207 1888 1299 1936 Pisones

271 1975 345 2022 novis
358 1975 498 2036 amabatis,
515 1972 601 2021 deiude
616 1974 647 2021 da
662 1974 772 2020 camnine
805 1973 931 2035 pessimum
948 1981 1000 2033 est,
1020 1974 1090 2021 cavit.
1114 1973 1175 2021 Suus
1189 1975 1301 2022 nimirum

272 2060 397 2120 Sutirico,
412 2068 494 2123 postea
511 2060 540 2106 de
550 2059 612 2119 filio
627 2059 715 2106 Albini
730 2073 770 2105 aa·
803 2072 919 2122 quemque
941 2073 1022 2105 sensus
1043 2059 1116 2106 tacite
1138 2060 1163 2106 in
1175 2058 1300 2107 meliorem

270 2126 364 2193 sem'c'n
372 2150 462 2207 partas
474 2143 712 2207 diducente:quauti
720 2150 772 2190 erat
803 2143 866 2190 viam
888 2143 973 2190 traxit:
996 2158 1103 2205 cursum,
1124 2160 1170 2191 non
1186 2160 1300 2208 persua

270 2226 492 2290 laboris,absoluto
500 2227 577 2290 libro,
590 2229 635 2276 ista
644 2236 771 2293 praecepta
804 2237 829 2275 et
854 2225 971 2299 salebras,
996 2226 1037 2275 sed
1059 2223 1160 2294 aequum
1180 2230 1300 2277 tramitem

270 2314 409 2380 disponere,
426 2315 460 2362 sic
473 2316 511 2362 nti
527 2331 570 2379 ego
583 2316 631 2362 iam
647 2312 770 2378 disposui?
802 2311 948 2361 direxerunt.
962 2315 1039 2378 Atque
1051 2313 1114 2362 illud
1124 2316 1150 2362 iu
1160 2315 1301 2381 Hieronymo

269 2399 317 2450 Sed
334 2416 412 2465 neque
430 2400 474 2448 illa
491 2398 611 2448 scribendi
626 2398 771 2446 consuetudo
804 2397 861 2446 lida
872 2414 900 2444 eo
913 2407 949 2446 est
960 2397 1104 2461 notabilius,
1113 2401 1170 2465 quia
1184 2401 1302 2449 ltaliillo·

271 2488 389 2535 invirum
405 2484 547 2552 prudentem
563 2483 635 2533 cadit.
651 2484 695 2531 llic
712 2498 771 2548 opus
803 2498 856 2531 rum
877 2492 1008 2548 temporum
1029 2485 1131 2549 optimos
1145 2486 1259 2536 Romanos
1274 2488 1299 2538 iu

270 2575 336 2621 intra
356 2587 381 2618 se
402 2572 469 2634 prius
492 2570 595 2630 format,
617 2567 669 2616 loca
692 2566 772 2616 distri·
805 2565 899 2614 modum
921 2577 970 2618 tam
990 2569 1101 2618 servilem
1122 2571 1220 2622 reddere
1244 2573 1302 2622 sole·

271 2656 344 2718 buit,
369 2653 471 2720 deniqne
495 2652 574 2702 verbis
596 2654 703 2702 investit.
734 2652 773 2701 Sic
805 2650 877 2715 bant,
899 2662 928 2701 ut
949 2669 978 2701 ne
999 2671 1013 2702 e
1034 2655 1100 2704 vitiis
1120 2657 1216 2722 quidem
1232 2655 1304 2707 absti-

271 2742 355 2790 Graeci
384 2742 411 2789 iu
440 2739 509 2788 libris
538 2738 703 2801 didascalicis,
739 2739 774 2786 sic
805 2747 904 2801 nerent,
923 2738 964 2787 sed
980 2742 1052 2788 etiam
1068 2740 1130 2790 illud
1146 2759 1216 2809 saepe
1231 2743 1303 2793 admi·

271 2829 372 2877 Romani
405 2826 516 2893 agebant.
550 2826 588 2874 Sic
613 2828 663 2891 egit
689 2827 777 2873 Aristo·
808 2832 932 2887 rarentur,
949 2822 1012 2891 quod
1027 2826 1065 2874 vel
1080 2838 1141 2877 esset
1155 2839 1304 2895 corruptum,

274 2915 347 2963 teles:
378 2915 413 2962 sic
436 2915 487 2961 sine
513 2911 585 2960 dubio
610 2902 777 2975 Neoptolemus
811 2920 835 2957 et
852 2908 938 2959 deinde
955 2927 985 2960 ex
1001 2912 1138 2962 melioribus
1153 2914 1214 2964 MSS.
1229 2931 1313 2964 emens¹

275 2983 547 3065 ille,euiuspraecepta
560 2994 776 3045 lloratiusinhanc
808 2994 908 3059 datum,
937 2998 975 3046 rel
1007 2997 1071 3063 quod
1092 3000 1143 3065 ipsa
1167 3003 1307 3067 scriptorum

276 3085 421 3152 Epistolam,
446 3101 494 3132 non
510 3082 606 3149 quidem
622 3082 716 3141 omnia,
737 3079 780 3129 sed
813 3080 884 3146 culpa
896 3083 974 3129 minus
988 3093 1050 3131 esset
1062 3083 1213 3135 laudandum.
1231 3087 1306 3152 itque

276 3171 478 3232 eminentissime,
505 3169 629 3234 congessit.
663 3165 776 3232 Equidem
809 3165 873 3215 idem
888 3165 968 3215 decori
985 3184 1065 3217 sensus
1081 3171 1224 3236 interpretes
1237 3171 1306 3221 duxit

275 3273 323 3305 non
343 3256 420 3304 multa
440 3255 470 3303 de
488 3253 640 3320 Neoptolemo
657 3253 772 3318 cognovi,
807 3268 860 3315 eos,
877 3253 920 3318 qui
934 3250 1044 3303 libellum
1058 3255 1211 3307 horatianum
1224 3260 1250 3307 in
1261 3258 1308 3306 liu-

273 3350 370 3409 praeter
384 3357 425 3403 ea,
442 3356 504 3406 quae
518 3337 639 3387 Fabricius
655 3348 680 3385 et
692 3337 774 3386 llarle·
807 3353 865 3403 guas
886 3336 1011 3388 hodiernae
1031 3351 1212 3406 converterunt,
1233 3343 1309 3392 homi·

276 3429 327 3476 sius
343 3427 368 3474 iu
384 3424 532 3474 bibliotheca
548 3423 636 3472 Graeca
652 3433 779 3471 annotare·
810 3439 852 3470 ncs
870 3438 917 3471 non
933 3422 1028 3489 quidem
1045 3429 1102 3476 satis
1117 3429 1200 3477 latine
1218 3428 1310 3478 intelli-

279 3522 345 3562 rtmt.
361 3511 469 3559 Sederat
481 3510 779 3575 poetaetgrammaticus,
812 3517 912 3572 gentes,
928 3509 969 3557 sed
984 3511 1080 3576 ingenio
1097 3523 1121 3561 et
1136 3512 1225 3562 iudicio
1241 3529 1310 3577 prae·

192 3604 197 3614 ’
279 3614 353 3664 eoque
362 3596 463 3658 ordinis,
477 3597 502 3643 in
511 3594 654 3643 carminibus
666 3609 774 3659 quoque,
809 3593 883 3641 claros
887 3593 1232 3661 ,Sanadonum,Batteuxium‚
1241 3598 1309 3647 (lott-

280 3685 419 3750 praesertim
444 3682 473 3731 de
498 3681 718 3745 incompositis,
740 3677 782 3726 ob·
814 3678 941 3743 schedam,
971 3682 1118 3744 Ramlerum,
1143 3683 1309 3748 wielandum,

261 3815 264 3819 ,
281 3770 419 3818 servantior.
436 3767 485 3816 lam
501 3777 572 3832 poeta
586 3766 704 3813 Romanus
711 3764 782 3811 Grae·
815 3764 925 3815 Vossium
940 3767 984 3829 lli,
995 3783 1136 3833 quamquam
1147 3768 1246 3817 verbum
1259 3788 1310 3819 ver-

281 3872 335 3903 oum
359 3856 469 3917 imitans,
490 3848 711 3916 interpretabatur,
737 3847 782 3898 hoc
815 3849 846 3897 bo
870 3852 920 3899 fere
937 3851 1075 3915 reddentes,
1093 3855 1119 3901 in
1137 3856 1254 3921 principio
1269 3873 1311 3904 no·

281 3951 334 4002 est,
358 3937 462 3987 faciebat
479 3939 562 3985 Latine
579 3936 733 3999 loquentem,
752 3945 781 3982 ut
814 3953 856 3985 vae
881 3938 994 4002 cuiusque
1015 3940 1147 3988 sententiae
1168 3940 1261 4006 aliquid
1282 3939 1311 3990 de

280 4024 324 4073 ille
342 4025 435 4073 locutus
452 4024 551 4083 suisset,
575 4022 596 4068 si
609 4020 723 4066 Romanos
742 4036 783 4084 pa·
816 4037 857 4069 suo
874 4020 960 4070 addere
976 4024 1052 4073 coacti
1065 4034 1134 4088 sunt,
1148 4036 1177 4074 ut
1189 4026 1312 4092 sequentia

278 4118 359 4158 rentes
375 4119 400 4156 et
417 4109 540 4172 magistros
556 4104 685 4155 habuisset.
709 4105 780 4154 llore-
814 4123 866 4155 cam
895 4107 1093 4172 praecedentibus
1122 4111 1203 4178 aliquo
1227 4111 1311 4161 saltem
