3009 5000
271 494 291 553 2
437 440 457 489 g
527 481 741 548 uonnr'n
772 483 1022 545 EPISTOLA

305 694 461 787 Undique
485 689 616 767 collatis
639 685 817 787 membris,
843 694 882 755 ut
905 687 1051 780 turpiter
1074 695 1186 760 atrum

308 816 445 887 Desinat
468 812 504 880 in
528 809 653 904 piscem
678 805 800 876 mulier
816 804 971 895 ,formosa
995 829 1155 902 superne,

190 1064 192 1067 ’
276 1081 358 1124 cetera
372 1071 478 1119 menna
489 1067 596 1132 undique
611 1065 769 1128 eouaraple-
801 1063 869 1111 linae
881 1060 1016 1122 Africanae
1032 1072 1092 1111 sunt
1104 1065 1225 1130 grandes,
1249 1081 1291 1113 eo·

276 1163 327 1208 mis
341 1159 453 1207 obducere
467 1163 492 1203 et
509 1163 605 1219 tegere.-
618 1151 643 1201 id
660 1152 723 1198 enim
732 1159 768 1197 est
800 1150 868 1210 riae,
881 1151 1004 1212 gibberae.
1020 1151 1075 1213 Tot,
1092 1163 1120 1199 ut
1131 1153 1196 1202 vides
1209 1152 1290 1201 absur-

275 1249 397 1296 indueore.
415 1241 480 1292 Ovid.
494 1241 550 1289 liet.
564 1240 600 1302 X,
609 1241 665 1288 271.
675 1244 767 1301 erpon-
799 1231 842 1293 da,
859 1242 895 1280 tot
902 1234 1065 1300 incredibilia,
1077 1240 1115 1287 vol
1129 1241 1291 1306 lsiaeispieto·

275 1336 315 1384 dis
331 1333 441 1384 inductae
458 1329 571 1401 cornibus
584 1339 671 1373 aarum
680 1323 765 1370 Oenei-
796 1316 863 1365 ribus
884 1318 1038 1387 abneganda,
1064 1326 1184 1392 vulgatam
1207 1328 1291 1376 lectio·

186 1436 189 1445 ’
275 1421 436 1470 derontiotae
448 1417 522 1463 nivea
536 1411 630 1460 cervice
645 1410 769 1456 iuvencae.
801 1423 855 1455 nem
864 1421 1003 1474 sequuntur.
1012 1412 1097 1460 Levius
1104 1413 1199 1478 quidem
1208 1422 1290 1479 peceat

275 1519 301 1557 et
325 1508 374 1570 lX,
401 1508 457 1555 391.
482 1502 537 1551 sirie
560 1498 657 1545 nornine
686 1502 768 1543 rest-ro
799 1500 889 1550 Codicis
901 1504 971 1569 Regii
986 1506 1115 1569 scriptura,
1133 1503 1175 1566 qui
1188 1500 1250 1548 clare
1264 1509 1289 1549 et

268 1594 396 1657 ·Uontegot
416 1572 678 1653 inductusyirorientt‘o
693 1583 768 1629 lumi·
799 1588 849 1635 sine
866 1589 939 1638 litura
951 1589 1061 1640 exhibet:
1080 1591 1164 1637 varias
1176 1589 1290 1637 inducere

274 1693 308 1725 rra
331 1683 423 1725 certor.
455 1673 504 1721 lam
528 1689 583 1720 vero
604 1669 666 1719 illud
687 1672 765 1719 omnia
795 1689 903 1735 pennos:
918 1676 1018 1761 sed·nee
1039 1675 1097 1723 baec
1113 1675 1191 1738 sagati
1205 1672 1290 1720 lectori

275 1771 385 1828 portenta
407 1768 431 1808 et
446 1758 550 1806 omnium
566 1771 690 1820 aegrorum
705 1771 765 1802 som·
797 1761 880 1809 sucum
895 1763 974 1811 faeere
991 1763 1091 1828 poterit·
1107 1761 1151 1807 Cur
1170 1760 1232 1806 enim
1248 1774 1290 1805 oo·

275 1851 316 1898 nia
331 1849 400 1914 longe
415 1854 553 1911 exsuperet,
568 1844 590 1890 si
602 1844 717 1889 mulieris
730 1843 767 1890 fa·
799 1849 854 1895 rias
870 1848 983 1898 obsecro?
1004 1849 1054 1896 Non
1066 1849 1123 1895 satis
1135 1856 1289 1894 monstrosum

274 1938 340 1999 eies,
371 1938 391 1983 si
423 1934 480 1998 equi
512 1927 609 1988 cervix,
639 1927 665 1978 si
694 1925 768 1975 cauda
801 1935 988 1995 erat,-siunius
1001 1936 1069 1981 ouius
1083 1934 1119 1980 vis
1135 1931 1218 1979 eoloris
1228 1946 1290 1994 pers·

269 2022 392 2087 pistricis
408 2019 495 2084 plumis
507 2013 646 2062 vestiantur.
663 2009 767 2057 Vestram
800 2033 846 2065 nae
866 2021 914 2067 sive
930 2020 982 2068 alae
998 2018 1209 2084 'appingerentmp
1232 2017 1289 2079 Quin

273 2107 362 2168 fidem,
385 2106 499 2170 pictores;
522 2097 566 2146 ubi
587 2106 718 2159 terrarum,
742 2098 768 2144 in
802 2102 904 2151 ferasin
922 2106 980 2170 ipsis
1001 2105 1099 2169 ineptiis
1114 2111 1162 2149 tam
1183 2103 1288 2165 ineptam

273 2207 321 2257 qua
336 2206 435 2256 usquam
452 2184 551 2254 pergula
567 2191 616 2229 tam
631 2180 766 2246 prodigiosa
799 2197 823 2234 et
840 2188 947 2253 putidam
961 2189 1128 2256 diligentiam?
1143 2189 1287 2252 Numquam,

269 2275 354 2325 tabula
375 2272 512 2341 prestabat?
534 2271 586 2336 lpse
602 2287 657 2318 vero
680 2281 764 2337 poeta,
798 2275 858 2324 mihi
881 2277 963 2341 erede,
979 2280 1018 2325 -sie
1037 2274 1142 2339 desipuit
1162 2273 1285 2329 Horatiuss

313 2360 371 2426 quid
389 2362 468 2426 sapio,
488 2379 535 2411 non
551 2360 628 2411 levius
644 2364 764 2411 existima·
797 2362 843 2408 etsi
866 2364 913 2410 iam
937 2362 993 2410 olim
1014 2363 1040 2410 in
1064 2363 1116 2410 eius
1139 2350 1208 2409 libris
1228 2359 1288 2408 baec

274 2449 346 2496 tionis
362 2447 486 2495 discrimen
501 2448 581 2511 subit,
603 2452 646 2514 qui
660 2459 708 2498 tam
725 2448 767 2496 ab·
799 2444 883 2493 menda
899 2446 1037 2493 inoleverit:
1052 2448 1085 2493 sio
1099 2444 1162 2494 enim
1175 2446 1239 2494 bunc
1255 2446 1290 2494 lo·

273 2530 343 2581 surda
360 2532 450 2596 fingere
466 2531 560 2594 voluit,
585 2547 655 2596 quam
671 2533 728 2595 ille,
745 2534 767 2581 si
799 2547 852 2578 cum
889 2533 948 2578 citat
981 2531 1082 2579 Joannes
1113 2531 1289 2581 Sarisberiensis

272 2619 326 2683 quis
355 2624 407 2680 est,
432 2618 475 2682 qui
489 2617 549 2666 velit
564 2619 671 2683 pingere.
705 2618 765 2681 Qul,
798 2616 948 2679 Polie.ll,8.
963 2618 1112 2680 Meneta,
1128 2620 1219 2682 inquit,
1235 2634 1290 2666 cort-

271 2703 374 2767 malum,
394 2703 509 2764 'famoso
537 2718 640 2767 nepertia
663 2702 764 2765 mulier,
797 2706 899 2770 iungit,
923 2712 953 2752 ot
968 2707 994 2752 si
1013 2705 1126 2752 Hemone
1140 2703 1224 2766 'eapite‘
1238 2719 1289 2750 eer-

269 2793 311 2842 eui
327 2799 399 2857 eaput
415 2801 440 2839 et
456 2799 507 2839 tota
527 2791 601 2839 iacies
620 2790 707 2856 plumis
723 2788 765 2837 ob·
796 2793 874 2839 vicero
890 2792 984 2856 iungat
998 2792 1125 2854 equinam,
1148 2788 1233 2835 varios
1248 2789 1288 2834 irs·

271 2875 344 2928 ducta
359 2877 430 2925 erat?
447 2875 546 2942 Elegans
563 2893 618 2925 sane
634 2878 763 2924 formarum
795 2877 883 2924 duceres
903 2877 1012 2940 undique
1027 2875 1136 2941 plumas,
1158 2880 1190 2920 art
1211 2874 1288 2920 iusta

260 2975 399 3032 spectator,
425 2964 556 3031 dignusque
573 2964 613 3011 cni
629 2962 684 3011 talis
706 2962 763 3028 ely·
795 2963 913 3026 Portam,
939 2964 1049 3028 turpiter
1072 2967 1155 3008 otram
1177 2959 1288 3008 Desinat

270 3067 324 3099 eera
341 3050 380 3098 vel
395 3049 491 3099 lnaebia
507 3069 560 3101 eum
581 3051 684 3116 plumeis
697 3051 764 3115 genis
795 3052 825 3097 irs
835 3052 932 3114 piscem
946 3053 1038 3100 mulier
1045 3051 1158 3112 semesa
1174 3063 1286 3111 sarpeme.

269 3134 299 3183 de
323 3143 391 3183 noete
415 3136 503 3186 veniat.
529 3136 593 3185 Unde
616 3152 685 3202 porro
701 3135 762 3184 sciet
794 3133 842 3183 Ubi
849 3138 950 3200 plumos
964 3135 1039 3185 babet
1055 3145 1080 3185 et
1092 3135 1168 3184 Codex
1184 3137 1287 3200 scriptus

270 3231 402 3288 spectator,
410 3223 507 3286 piscem
520 3238 568 3271 esse
582 3224 609 3270 in
627 3220 723 3284 tabula,
740 3223 763 3270 si
794 3222 1000 3288 Cantabrigiensis.
1022 3223 1157 3282 Enimvero,
1172 3221 1212 3267 cui
1223 3221 1287 3269 sama

270 3325 318 3358 non
339 3311 455 3375 squamis,
477 3308 518 3357 sed
538 3308 625 3373 plumis
640 3317 705 3356 totns
721 3306 763 3355 ob·
796 3317 821 3355 et
836 3307 899 3355 salus
917 3307 1029 3356 Venusini
1044 3310 1119 3356 nostri
1135 3305 1200 3355 cordi
1222 3310 1285 3372 erit,

271 3394 454 3460 tegaturi'Qul
471 3392 589 3443 divinabit
610 3403 687 3443 atrum
711 3410 762 3443 esse
795 3396 843 3457 sic,
860 3396 957 3460 opinor,
973 3384 1127 3443 meeum'non
1144 3397 1233 3444 invitus
1248 3411 1286 3443 re·

266 3482 377 3546 piscem,
395 3481 435 3528 oui
450 3481 534 3529 variae
550 3492 575 3531 et
589 3481 687 3531 diversis
701 3481 764 3530 eolo·
796 3491 881 3547 ponet:
901 3482 1014 3529 [Ismaro
1029 3482 1110 3544 copiti
1121 3483 1285 3546 eereieempo‘·

270 3566 336 3620 ribus
349 3569 450 3630 plumos
470 3564 581 3615 inductae
599 3568 672 3616 sunt?
692 3565 719 3614 ld
737 3583 761 3614 e·
793 3574 847 3615 otor
868 3566 981 3629 equinam
996 3568 1102 3632 Ircngere
1118 3570 1144 3616 si
1160 3571 1237 3633 velit,
1259 3575 1286 3617 et

269 3655 332 3715 nim,
349 3668 379 3704 ne
389 3652 492 3712 nescias,
506 3654 591 3700 aanor
599 3654 699 3717 plantae
712 3651 760 3701 tibi
792 3652 998 3701 voriosirsdeeere
1005 3653 1105 3714 ferreas
1120 3655 1284 3719 Undiqaueol·

269 3735 444 3802 significabunt.
459 3736 594 3804 Propertius
605 3740 762 3803 111‚11.Aer
793 3741 856 3787 lotis
876 3741 1008 3801 rnembrie,
1030 3747 1060 3787 at
1076 3742 1186 3804 turpiter
1200 3749 1284 3789 atnam

269 3825 364 3872 veriam*
380 3823 481 3886 plumae
505 3829 660 3875 omsieoloris
682 3842 759 3877 ovem.
793 3829 901 3875 Desinet
921 3828 950 3873 in
963 3827 1058 3890 piscem
1072 3827 1163 3874 mulier
1170 3827 1283 3887 formosa

269 3909 359 3957 Plinius
382 3910 442 3958 lint.
466 3909 502 3972 X,
527 3913 567 3960 38.
592 3915 761 3978 Meleagrides
792 3927 902 3977 superne.
916 3911 1063 3959 Ievisestin
1076 3921 1173 3977 recepta
1181 3915 1284 3976 seriptu-

268 3994 387 4056 Asra'eoe,
410 3997 522 4059 horest,
544 3998 699 4062 gallinariam
715 4014 760 4063 ge·
791 4015 818 4045 ra
838 3996 969 4052 aberratio;
993 4011 1062 4060 mam
1084 3998 1104 4045 si
1122 3996 1282 4045 somniculosis

268 4095 328 4141 nus,
341 4080 484 4144 gibborum,
500 4083 572 4131 variis
586 4100 691 4148 sparsum
704 4082 759 4149 plu·
790 4082 893 4132 librariis
903 4080 1045 4147 imputabis,
1062 4091 1141 4130 cetera
1155 4080 1202 4129 tibi
1214 4094 1282 4144 prae·

266 4166 319 4214 mis.
336 4163 406 4215 larro
417 4163 446 4214 de
461 4166 495 4215 lle
508 4168 575 4216 Rust.
593 4168 639 4231 ΙΙΙ,
652 4170 676 4219 θ,
698 4170 756 4218 Gal·
788 4178 850 4217 stare
863 4183 964 4233 possum.
980 4167 1061 4217 Omnia
1075 4168 1138 4215 enim
1150 4179 1276 4231 quaecum·
