3009 5000
550 453 610 513 an
639 451 857 512 alsonus.
1151 408 1209 512 ros

187 630 271 679 stolam
300 631 365 680 mille
391 647 500 680 vanuum
524 629 681 693 haberemus,
715 646 841 696 numquam
855 630 1005 680 suitsimilis
1019 630 1210 680 Videmihicne·

186 715 268 781 paullo
289 715 385 783 quidem
405 716 491 765 melius
509 732 579 764 sanae
597 717 683 765 rationi
714 725 779 772 teras
794 714 861 765 illius
876 715 999 782 Epistolas.
1020 715 1139 766 Habemus
1153 733 1211 783 q'ua·

186 803 378 865 convenientem,
396 801 438 853 aed
453 801 542 867 paullo.
567 801 681 850 Hemanet
713 800 831 867 draginta.
847 802 874 850 In
890 803 954 850 omni
969 801 1129 868 negligentia,
1144 812 1212 868 grata

185 901 277 953 semper
306 904 389 953 poenm
419 887 521 936 hominis
551 887 682 954 ignorantis
714 887 759 936 illa
774 903 803 935 ac
818 887 943 950 familiari,
960 887 1082 951 vlnculum
1095 898 1119 936 et
1133 904 1213 937 conse·

184 971 243 1038 quid
257 972 335 1036 velit,
352 974 394 1039 qni
410 972 505 1039 regulas
519 989 566 1021 non
582 972 682 1022 alteram
714 973 779 1021 cutio
800 988 922 1022 semmae
939 972 1065 1022 verborum
1080 985 1210 1040 apparent:

184 1073 215 1106 ex
232 1056 308 1106 altera
326 1059 438 1107 concinne
459 1057 557 1107 deducit
574 1068 600 1106 et
617 1057 680 1106 deri·
712 1056 807 1107 disserit
824 1068 853 1106 ut
868 1057 937 1106 bomo
953 1056 1036 1107 doctus
1052 1068 1076 1107 et
1091 1058 1210 1125 prudens,

183 1151 238 1205 vat,
251 1142 293 1191 sed
305 1142 384 1192 subito
398 1153 423 1192 et
436 1153 524 1192 temere
537 1144 678 1209 proiieiens,
710 1152 796 1192 natura
804 1153 829 1192 ct
836 1153 887 1192 arte
897 1143 1125 1208 paratus,disserere
1134 1146 1209 1207 solet,

182 1230 261 1277 omnia
272 1245 364 1278 sursum
380 1227 488 1278 deorsum
500 1230 640 1294 permiscet,
655 1238 680 1277 et
713 1237 737 1276 et
745 1228 810 1276 ultro
824 1227 937 1277 disserere
953 1229 1171 1295 impellitur,nec‚
1188 1233 1210 1280 si

182 1314 382 1380 qnasiepistolam
390 1330 419 1363 ex
427 1312 567 1363 centonibus
575 1314 680 1377 consuit,
712 1313 789 1376 velit,
806 1313 879 1362 aliter
886 1313 1000 1363 dicerem
1014 1325 1101 1380 potest.
1122 1316 1168 1364 (tir
1184 1319 1209 1365 in

180 1415 252 1466 Qum
275 1416 331 1448 rere
354 1398 476 1466 appellare
498 1400 572 1466 possis
596 1398 678 1448 rudem
712 1400 811 1449 caeteris
824 1399 1068 1464 Epistoliscmnibus‚
1084 1400 1208 1450 ubietiam

179 1484 368 1551 indigestamque
384 1484 536 1535 molemNec
551 1486 678 1534 domion-
709 1487 784 1534 maior
807 1484 906 1534 libertas
929 1484 1046 1549 ὼὼιιιιτ,
1072 1488 1206 1537 naturalem

178 1578 275 1620 ctaram
282 1572 408 1620 discordia
415 1573 511 1620 sanine
518 1586 608 1619 rerum.
616 1569 675 1633 Sed,
708 1569 839 1620 disserendi
859 1572 921 1620 riam
941 1588 969 1620 ac
985 1573 1100 1621 rationem
1116 1575 1207 1623 tenuia·

178 1658 260 1723 inquit
277 1657 335 1720 ille,
350 1656 396 1705 boc
411 1659 490 1723 ipsum
506 1666 542 1705 est
557 1656 675 1721 Epistulae
707 1664 758 1719 set,
772 1657 799 1705 in
812 1656 915 1722 Epistola
931 1654 961 1704 ad
975 1657 1068 1706 Pisones
1081 1658 1152 1723 plane
1166 1658 1207 1708 de·

178 1746 308 1810 proprium.
330 1741 419 1792 Scribis
434 1741 465 1791 ad
479 1744 593 1804 amicum,
610 1742 679 1808 quasi
710 1742 839 1791 sermssetl
854 1741 928 1806 Atqui
943 1741 1025 1791 intali
1038 1743 1138 1808 epistola
1151 1744 1207 1793 ordo
1268 1794 1272 1800 ,

178 1844 232 1877 cum
252 1844 280 1876 eo
300 1828 407 1894 loquare.
431 1826 541 1876 Ordinem
556 1825 677 1893 cogitandi
708 1828 817 1892 inprimis
829 1825 1003 1893 requirebatur.
1020 1828 1208 1896 Pisones,pater

179 1922 205 1961 et
226 1915 330 1978 cogitata
345 1911 463 1963 efferendi
477 1930 525 1961 non
541 1922 590 1962 tam
606 1914 676 1962 anxie
709 1922 735 1960 et
750 1911 811 1975 filii,
832 1921 900 1961 erant
916 1912 1032 1978 elegantis
1047 1914 1146 1979 ingenii.
1168 1915 1207 1964 Al·

177 1997 341 2062 observamus,
354 2014 432 2064 neque
447 1997 512 2048 dicta
524 1997 614 2064 regulis
626 1997 677 2046 dia-
708 2007 746 2047 ter
759 2014 790 2047 ex
801 1997 873 2061 filiis,
887 1999 961 2047 maior
973 2008 1045 2063 natu,
1058 1999 1113 2048 fieri
1126 2002 1207 2066 cupie-

176 2083 271 2134 lecticis
290 2084 423 2150 alligamus.
444 2084 493 2133 Hoc
510 2094 676 2150 argumentum
705 2082 765 2147 bat,
795 2082 858 2151 quod
881 2085 929 2150 ipsi
950 2095 1037 2135 natura
1061 2097 1206 2152 negaverat,

175 2169 275 2236 plurimi
299 2171 442 2236 interpretes
462 2171 498 2219 ita
515 2180 673 2236 acceperunt,
707 2179 786 2235 poeta.
811 2169 881 2218 Pater
903 2172 1018 2237 aptiorem
1039 2172 1091 2220 foro
1113 2182 1138 2222 et
1158 2174 1206 2223 elo·

177 2265 203 2305 et
215 2254 302 2319 bodie,
315 2257 342 2305 ni
353 2255 440 2317 iallor,
450 2270 530 2303 omnes
542 2255 675 2319 accipiunt,
707 2256 820 2319 quentiae
835 2253 941 2303 videbat.
961 2256 1038 2319 Quare
1053 2273 1067 2306 a
1083 2261 1149 2323 poesi
1165 2258 1205 2308 de-

175 2342 267 2390 utiam
287 2339 317 2389 da
338 2338 420 2389 ordine
440 2357 488 2388 non
503 2338 605 2405 amplius
621 2355 670 2388 esse
702 2337 893 2388 terrere'roluit.
915 2340 1026 2390 Horatius
1039 2340 1084 2391 hac
1100 2345 1204 2409 Epistola

173 2424 334 2494 quaerendum
347 2434 466 2475 censeam.
482 2422 595 2491 Equidem
608 2422 672 2473 baud
704 2423 830 2474 detenuit.
847 2425 887 2472 Est
901 2441 930 2474 ea
943 2424 1039 2493 quidem
1051 2427 1152 2477 similior
1164 2429 1204 2479 Sa-

172 2515 209 2564 ita
224 2529 317 2563 cmseo.
340 2511 366 2560 Si
382 2512 493 2560 Horatius
507 2510 569 2560 banc
584 2511 674 2577 Episto-
705 2511 780 2568 timae
807 2521 832 2560 et
855 2510 913 2561 mali
935 2522 1034 2579 poetae,
1065 2518 1204 2580 praesertim

171 2598 221 2649 lam
235 2597 340 2649 scribere
355 2594 476 2646 debuisset
491 2598 518 2646 in
535 2611 625 2645 summa
638 2596 675 2645 se·
706 2594 883 2660 adolescentes,
899 2599 987 2665 magis,
1003 2609 1033 2648 nt
1047 2600 1157 2666 videtur,
1174 2605 1206 2653 ri·

172 2686 315 2747 amatione,
337 2692 367 2731 ut
381 2680 450 2732 verbi
468 2698 563 2745 caussa,
584 2682 612 2730 ni
626 2698 674 2731 nno
706 2681 787 2731 dicula
804 2698 876 2749 quam
887 2699 969 2733 severa
981 2683 1140 2737 admonitione
1153 2698 1205 2738 tan·

173 2768 213 2819 die
237 2769 392 2831 absolvisset,
423 2769 475 2817 rita
497 2776 609 2833 ageretur
632 2766 671 2817 vel
703 2776 806 2832 gnatum
830 2766 871 2816 sed
890 2769 918 2816 in
937 2768 1015 2818 Satira
1040 2781 1120 2821 umen
1136 2790 1205 2838 prae·

172 2854 240 2906 aliud
264 2862 325 2904 esset
344 2855 372 2903 in
392 2869 457 2903 mora
478 2852 612 2918 periculum
635 2854 671 2902 in·
704 2862 774 2918 cepta
807 2850 836 2900 de
865 2850 932 2901 Poesi
958 2857 1055 2919 egregia
1084 2861 1201 2923 exposuit.

171 2957 246 3007 gens,
270 2956 382 2990 excusare
406 2940 522 3005 potuisset
546 2938 669 3005 negligen·
700 2937 800 3004 Scripsit
828 2937 955 3004 Epistulam
984 2951 1069 3006 rogatu
1095 2940 1201 3007 Pisonis,

172 3026 371 3091 tiam,t1uamris
393 3041 423 3073 ne
443 3025 478 3073 sic
499 3022 596 3089 quidem
616 3033 669 3073 tan·
700 3023 767 3074 lente
783 3033 809 3073 et
824 3025 882 3074 otio.
898 3024 1058 3075 Namsumma
1071 3025 1200 3079 difficultas

171 3122 234 3162 tam„
247 3113 287 3160 Est
299 3112 347 3160 ita:
364 3111 390 3158 in
403 3108 504 3175 epistola
518 3110 587 3175 quasi
601 3125 670 3174 prae·
701 3125 811 3159 versuum
832 3108 893 3159 bene
916 3110 1101 3162 iactitandomm
1121 3113 1201 3163 adole·

170 3207 250 3248 sentes
270 3212 325 3246 cnm
339 3193 477 3244 absentibus
492 3196 575 3244 amici
590 3195 670 3245 consa·
701 3197 779 3245 acenti
811 3195 941 3262 prudenter
971 3206 1022 3247 erat
1047 3199 1199 3250 ostendenda.

170 3283 290 3334 bulamur.
313 3280 359 3331 Sed
380 3281 419 3330 sac
437 3281 559 3330 Horatium
575 3279 605 3329 de
621 3280 667 3329 tali
698 3279 821 3335 Consuluit
836 3281 910 3331 libros
924 3283 1024 3332 Graecos
1034 3282 1064 3333 de
1077 3295 1129 3335 arte
1142 3288 1199 3335 scri·

168 3377 309 3437 argumento
324 3383 379 3418 cum
390 3365 513 3418 Pisonibus
525 3364 605 3415 subito
616 3367 668 3416 siue
700 3376 771 3432 ptos,
787 3367 934 3431 Aristotelis,
951 3377 990 3431 et,
1005 3369 1069 3434 quod
1084 3387 1115 3420 ex
1127 3370 1198 3422 Scho-

170 3455 325 3506 meditatione
341 3468 420 3502 coram
436 3451 510 3500 fuisse
530 3450 668 3501 coniaana·
699 3452 776 3502 liastis
792 3454 956 3520 eognovimus,
972 3454 1136 3521 Neoptolemi,
1158 3475 1198 3508 cu·

170 3551 234 3599 tnm;
243 3540 355 3591 Horatius
369 3553 462 3604 sempr
473 3546 553 3601 partes
562 3539 668 3604 magistri
698 3539 743 3586 ius
758 3547 891 3604 praecepto
910 3542 941 3588 in
960 3541 1025 3590 benc
1040 3543 1131 3590 ulmos
1144 3560 1198 3593 cost-

169 3625 270 3692 agebat,
285 3625 406 3692 loquemis
422 3621 452 3672 de
465 3639 506 3685 re,
522 3637 594 3688 quam
606 3639 668 3695 unus
696 3626 794 3689 gessit:
805 3635 843 3686 et,
856 3626 1015 3692 siEpistolam
1027 3628 1078 3693 ipse
1091 3645 1139 3677 non
1150 3639 1198 3678 sta-

170 3713 275 3760 omnium
291 3714 380 3777 optime
396 3706 564 3774 intelligebat,
580 3710 606 3758 in
622 3725 669 3774 qua
701 3711 745 3760 tim
762 3708 851 3773 edidit,
868 3721 948 3762 tamen
959 3715 986 3762 in
998 3715 1102 3764 omnium
1114 3731 1198 3764 manns

169 3795 302 3845 diutissime
322 3798 403 3845 virens
421 3805 446 3844 et
461 3792 572 3843 habitam
588 3803 613 3842 et
628 3810 665 3842 re·
697 3794 825 3863 aliquando
838 3812 887 3845 esse
901 3789 1024 3848 v'enturam
1035 3799 1134 3850 sciebat.
1152 3803 1197 3865 Qui
1226 3845 1229 3848 .

168 3897 256 3948 gnane,
281 3879 386 3931 ordinem
401 3881 470 3947 sequi
482 3879 597 3928 facillime
613 3889 667 3944 pot-
698 3879 793 3930 tandem
817 3880 875 3930 adeo
897 3899 968 3932 sanae
988 3887 1075 3934 mentis
1089 3885 1197 3949 homini,

167 3968 219 4029 uit,
241 3982 312 4032 quem
327 3982 370 4015 aun
385 3966 432 4031 ipsi
450 3963 557 4014 doctrina
574 3974 598 4013 et
614 3980 667 4012 sen·
698 3982 728 4015 ne
745 3965 821 4015 dicam
837 3967 947 4031 Horatio,
964 3967 1051 4019 hocin
1064 3988 1114 4021 eam
1131 3990 1197 4022 men-

166 4068 207 4102 sus
227 4049 396 4101 monstrabant
418 4049 460 4098 Vel
480 4065 555 4097 sermo
576 4050 667 4098 Horatii
698 4060 747 4099 tem
760 4053 840 4100 renim
857 4054 990 4117 potnit,ut
1005 4056 1031 4103 in
1047 4056 1195 4121 talicenssa,

168 4136 338 4205 extemporalis
358 4135 415 4186 huic
436 4149 520 4185 arenae
536 4138 586 4184 siue
603 4135 667 4185 calce
699 4138 730 4186 iis
759 4136 901 4188 adiumentis
922 4149 946 4187 et
971 4141 1086 4207 exemplis
1109 4147 1197 4195 imtra-
