3009 5000
281 457 337 518 158
542 461 754 522 HORATII
783 460 1025 522 EPIS‘TOLA

233 656 237 663 ‘
305 659 527 753 Ornamentis,
553 686 673 757 parum
698 662 797 733 clario
821 661 934 733 lucem
957 661 1038 732 dere
1058 667 1174 754 coget,

275 884 402 932 immotum
414 883 496 933 incudi
507 883 630 948 redditur,
643 895 672 933 ut
684 884 720 934 ibi
732 902 769 934 re·
802 884 871 943 Quod
884 886 947 933 niolo
958 885 1073 932 barbarae
1084 885 1180 948 Regum
1195 883 1296 929 estulta

275 970 418 1018 formetur.'’
455 972 483 1018 Et
505 981 574 1020 retus
597 980 721 1019 motator
743 972 770 1019 iu
802 968 942 1019 libidines?
973 971 1001 1017 Et
1022 987 1052 1018 ne
1072 968 1117 1017 hoc
1135 967 1246 1016 ultimum
1266 976 1296 1015 tu

274 1054 368 1103 Graevii
398 1054 493 1104 Codice:
526 1058 654 1105 »Traetnm
687 1067 723 1105 est
754 1074 769 1104 a
800 1058 864 1104 malo
877 1057 994 1104 aarum
1008 1053 1143 1116 cavilleris,
1160 1051 1220 1118 quid
1233 1050 1297 1101 illud

276 1138 364 1203 fabris,
389 1143 432 1206 qni
452 1143 620 1190 ferramentum
640 1159 688 1190 non
708 1141 770 1196 bene
802 1142 898 1190 Nasonis
917 1143 994 1190 Amor.
1015 1140 1050 1203 II,
1067 1143 1091 1189 l.
1117 1140 1178 1188 Cum
1191 1139 1255 1185 male
1269 1153 1297 1186 ss

277 1226 404 1274 formatum
430 1229 518 1276 iterum
545 1226 628 1275 incudi
663 1230 768 1276 commit·
802 1229 876 1276 tellus
890 1229 1166 1291 ultoest,ingestuqne
1175 1221 1296 1289 Olym?

275 1315 359 1360 tunt.'’
375 1311 434 1360 Hinc
447 1315 494 1360 iam
509 1311 557 1361 tibi
566 1312 705 1360 saasslimam
721 1330 771 1360 cor·
803 1314 831 1361 lit
846 1315 934 1362 iterum
944 1314 1000 1361 Arte
1013 1313 1043 1361 11.
1069 1313 1107 1359 Es
1121 1313 1185 1359 mole
1196 1325 1298 1376 peccun-

275 1398 404 1446 rectionem
432 1413 547 1461 promam:
578 1413 649 1462 Qum
669 1397 771 1446 mirabor
804 1406 853 1446 tem
875 1399 999 1463 Tyndaris
1013 1400 1069 1446 ulto
1084 1393 1189 1445 virum?
1210 1395 1248 1444 Sic
1269 1395 1299 1445 hi

276 1480 399 1546 equidem,
417 1483 575 1530 sidronovius
591 1493 616 1531 et
630 1483 772 1532 Gronoviaui
803 1486 927 1550 scriptores
942 1484 1045 1550 aliique,
1059 1482 1217 1548 singulisfere
1231 1484 1299 1547 pagi·

276 1566 416 1616 nosmeilli
427 1584 475 1616 uon
489 1569 636 1632 anteferant,
654 1570 691 1617 Et
706 1571 771 1618 mole
801 1572 847 1620 nis.
864 1570 939 1618 Pudet
952 1569 1048 1637 quidem
1060 1568 1150 1618 talibus
1164 1570 1296 1617 immorari:

270 1652 396 1712 fossatos
426 1654 514 1702 inmsdi
544 1655 643 1703 reddere
676 1671 770 1705 omens.
803 1655 844 1705 sed
859 1655 917 1722 qnid
932 1657 1021 1705 sacius?
1042 1656 1071 1703 Ut
1086 1654 1214 1704 adversarii
1227 1662 1297 1717 sunt,

276 1736 465 1787 Auscultabimus
485 1739 544 1805 quid
566 1742 670 1789 sentiant
689 1743 772 1790 mussi·
803 1743 839 1790 ita
850 1758 937 1790 morem
948 1757 1031 1807 geras,
1045 1751 1070 1788 et
1077 1742 1141 1790 infra
1151 1750 1176 1788 te
1189 1756 1296 1789 nonnun-

277 1834 374 1889 teutque
388 1842 449 1890 pone
465 1824 570 1874 tabulam
584 1826 699 1884 latentes;
718 1829 772 1876 etsi
803 1843 873 1893 quum
896 1826 1021 1875 descendas
1040 1842 1135 1875 necesse
1156 1836 1200 1874 est.
1232 1825 1298 1874 Idem

278 1908 367 1958 similes
376 1920 456 1958 ament
464 1909 530 1959 labra
543 1911 661 1975 lactucas,
677 1930 724 1961 non
735 1914 772 1961 iu·
804 1914 891 1961 iterum
902 1915 928 1961 in
941 1912 1067 1962 squellio
1079 1913 1122 1974 ll,
1135 1915 1175 1961 11.
1185 1911 1299 1976 sugillare

277 1993 416 2044 videbimus.
440 1996 534 2044 Interea
549 1996 653 2046 delectat
668 2014 710 2045 nos
730 1997 773 2046 ho-
804 2015 840 2046 me
853 1998 944 2061 voluit,
960 1996 1298 2064 quodinGnllimachiversu,

277 2095 316 2126 mo
331 2081 402 2127 comis
419 2090 444 2128 et
460 2081 566 2143 facetus,
578 2085 634 2146 qui,
651 2081 714 2148 qnod
722 2085 773 2147 ipse
807 2082 865 2131 Kal
880 2085 984 2143 κυάμων
998 2083 1051 2133 ἀπὸ
1066 2089 1158 2150 χεῖρας
1170 2081 1299 2132 detonsos

278 2167 304 2213 in
319 2181 387 2230 prosa
403 2165 575 2231 explicatione,
591 2184 639 2216 non
653 2170 716 2216 male
733 2176 773 2217 ter
805 2165 929 2220 ἔδεσθαι.
945 2171 1040 2236 reposui
1057 2167 1161 2230 ἀβίωτά
1181 2164 1207 2215 τ’
1230 2164 1298 2217 tas-

276 2258 362 2314 natos,
384 2251 430 2300 sed·
447 2261 487 2301 ter
500 2254 564 2301 male
583 2261 656 2302 notos
675 2271 775 2321 usurpa·
806 2258 882 2305 σθαι.
893 2236 973 2319 Quae,
983 2257 1076 2323 inquit,
1085 2255 1233 2318 olongos,
1241 2268 1298 2317 pro·

277 2355 371 2402 veram,
392 2356 407 2388 a
421 2356 459 2387 me
481 2341 584 2406 petitum
604 2341 680 2389 telum
694 2343 721 2390 in
736 2359 773 2390 me
801 2344 936 2406 pinquitas
959 2350 998 2391 est
1020 2344 1090 2390 iuter
1109 2340 1214 2401 estuve
1229 2336 1255 2387 τ’
1273 2348 1301 2387 et

278 2434 386 2490 torquet;
404 2436 522 2491 negatque
534 2425 662 2474 secundum
678 2428 772 2474 latino-
805 2425 949 2477 delusores?
973 2429 1006 2475 Si
1025 2429 1119 2475 suetas
1135 2424 1297 2484 ἄπνευστον,

277 2527 331 2559 rum
348 2522 372 2559 et
384 2510 461 2559 Flacci
475 2514 549 2576 ipsius
565 2528 652 2559 morem
663 2513 696 2559 τὸ
709 2514 774 2559 siole
805 2514 887 2560 vidore
894 2513 1244 2577 potssoteiniamtiterarum.
1260 2511 1298 2560 ltu

279 2612 294 2643 a
314 2597 455 2660 participio,
479 2594 565 2659 verbo,
590 2595 706 2643 adiectivo
730 2612 772 2644 suo
804 2613 895 2662 semper
909 2597 991 2645 literas
1006 2598 1130 2662 apicesque
1147 2607 1240 2663 crepat:
1256 2596 1300 2645 bas

278 2680 318 2728 vel
335 2682 362 2728 in
381 2696 451 2728 versu
474 2697 539 2745 posse
561 2681 666 2746 seiungi,
694 2690 718 2728 et
738 2679 775 2729 id·
806 2681 924 2747 pensando
941 2691 966 2730 et
979 2680 1133 2747 comparando
1146 2685 1299 2731 correctiones

279 2766 342 2814 circo
357 2766 421 2813 inter
441 2767 504 2814 naulo
521 2777 545 2815 et
565 2765 714 2815 wesemale
737 2767 774 2814 in-
804 2761 917 2831 venutur,
939 2768 1071 2816 sententiae
1092 2769 1189 2816 interim
1205 2784 1300 2817 securus

279 2854 374 2917 terponi
390 2851 443 2900 ter':
459 2868 512 2900 cnm
526 2852 621 2900 Flaccus
636 2850 696 2899 alibi
711 2853 774 2900 mals
804 2852 959 2919 ignarusque:
976 2853 1043 2901 velut
1055 2852 1109 2917 hic,
1128 2870 1181 2902 cum
1198 2852 1299 2903 ἄπνευ-

226 2953 229 2962 ’
278 2939 392 3003 difflari,
413 2941 475 2986 mole
491 2940 625 3001 mainerio,
641 2939 704 2984 niele
715 2953 773 3000 per-
805 2951 867 2987 στον
882 2938 1020 3002 substituit,
1037 2949 1062 2987 et
1078 2956 1105 2987 eo
1121 2950 1190 3005 paeto
1202 2941 1298 3003 pisces,

282 3027 376 3088 tinum,
389 3027 453 3073 mule
460 3025 573 3085 feodatos
586 3033 611 3071 et
620 3022 775 3071 aliaiunctim
807 3027 849 3090 qni
878 3023 1022 3075 ἄπνευστοι
1053 3035 1121 3089 sunt,
1148 3025 1300 3092 Pythagoreis

280 3109 370 3177 ubique
383 3112 497 3176 proferat.
510 3110 640 3175 Numquam
652 3109 773 3174 profecto,
807 3110 958 3159 comedendos
973 3109 1058 3159 stolide
1075 3113 1180 3177 apponit.
1197 3110 1243 3159 Sed
1250 3112 1299 3159 aiu’

280 3197 326 3243 nisi
344 3195 389 3243 hoc
407 3198 534 3259 monitore,
557 3205 606 3243 tam
621 3193 722 3243 ridiculo
738 3211 775 3241 ur·
806 3212 861 3244 vero
877 3198 951 3258 serio,
968 3194 1118 3248 eneconem
1144 3207 1212 3245 tuum
1236 3212 1300 3262 rece·

279 3290 391 3346 gumento
412 3292 494 3347 sponte
518 3297 676 3331 occurrerem:
693 3281 774 3346 itaque
806 3290 862 3346 ptae
870 3280 969 3329 lectioni
980 3283 1083 3330 vicinius
1091 3279 1300 3347 esse,quamillud

278 3382 307 3413 eo
328 3367 421 3414 nomine
437 3383 475 3414 me
497 3365 643 3428 demeretur,
660 3368 716 3431 quia
732 3383 774 3414 ne·
805 3367 927 3415 nostrum?
942 3364 1085 3416 ΠΝΕΥΣ
1099 3384 1170 3432 prope
1188 3364 1299 3414 accedere

280 3454 328 3500 scio
344 3469 374 3500 an
390 3451 449 3499 alios
464 3451 565 3499 lectores
583 3450 682 3500 habeam
697 3451 774 3500 nihilo
807 3449 1131 3501 almumalmum.
1163 3450 1208 3498 Sed
1229 3451 1299 3498 mitto

278 3540 418 3587 nasutiores.
435 3537 488 3584 lin’
498 3538 586 3601 igitur,
603 3538 635 3584 τὸ
651 3539 715 3584 mule
728 3554 775 3585 non
806 3535 863 3595 boc;
883 3547 907 3585 et
920 3537 950 3585 ud
962 3537 1024 3586 illud
1031 3540 1122 3603 potius,
1137 3534 1199 3601 quod
1212 3535 1237 3583 in
1245 3552 1300 3601 pro·

279 3640 376 3690 possea
394 3621 480 3684 verbo,
502 3623 542 3669 cui
561 3638 630 3669 sensu
647 3621 773 3684 cohaeret,
806 3623 869 3671 ximo
895 3632 943 3686 est,
965 3623 1011 3685 IX,
1028 3624 1057 3684 5,
1078 3621 1158 3669 oeulos
1177 3630 1297 3679 converto;
1327 3635 1332 3642 ·

276 3724 347 3758 versu
359 3709 479 3774 separarit
489 3706 550 3771 Quid
564 3705 772 3771 ergoilludSerm.
806 3706 850 3755 ubi
870 3709 896 3756 iu
914 3708 1005 3756 eoelum
1020 3704 1130 3755 laudibus
1154 3706 1226 3756 effert
1247 3710 1301 3756 oiri

279 3795 316 3858 ll,
330 3798 354 3844 3.
373 3797 437 3842 Eum
449 3796 512 3841 male
528 3799 641 3857 regesta
656 3807 710 3839 cum
725 3793 775 3840 ved
806 3794 912 3841 monime·
925 3795 1045 3841 Pearsons'
1059 3794 1230 3853 coniecturam,
1255 3793 1301 3859 (ip-
1360 3858 1364 3864 Ι

280 3881 326 3928 leon
339 3879 462 3930 mittere?
480 3891 504 3929 et
517 3879 553 3943 lI,
570 3883 593 3929 1.
612 3879 660 3925 Cui
674 3879 738 3925 male
749 3882 775 3927 si
807 3895 857 3927 sum
871 3879 965 3946 quidem
985 3880 1037 3925 inre
1061 3880 1159 3943 merito,
1181 3882 1301 3929 coniectu·

273 3969 391 4031 palpare,
408 3961 572 4016 recalcitret?
593 3964 654 4029 Quid
671 3974 694 4012 et
710 3963 772 4011 illud
805 3982 855 4016 ram
867 3983 922 4014 vero
930 3965 1015 4012 renuit
1027 3966 1171 4029 negitatque
1180 3964 1299 4028 Sabellam)

275 4051 350 4100 Germ.
367 4054 416 4117 Ill,
432 4058 472 4103 27.
491 4054 625 4100 Pendentem
641 4066 703 4098 sono
718 4052 775 4097 beno
807 4051 870 4116 quod
877 4047 991 4099 Hieroclis
999 4050 1072 4098 Stoici
1083 4050 1209 4100 rotundum
1219 4062 1243 4100 et
1254 4061 1300 4099 tor-

280 4145 306 4184 tc
322 4145 404 4184 secuta
417 4139 507 4186 elidere
520 4135 628 4185 nouum?
644 4147 669 4184 et
681 4136 723 4199 lt,
733 4140 771 4185 12.
805 4147 887 4185 uatum
902 4139 928 4185 iu
941 4137 1065 4201 Epicureos
1078 4135 1167 4185 dictum
1183 4139 1217 4186 sic
1230 4137 1299 4185 refin-
