3009 5000
316 451 373 511 150
573 450 785 512 HORATII
815 450 1057 511 eelsuotn

340 651 383 722 Et
406 653 536 724 faciunt
557 676 663 748 prope
679 652 780 746 plura
805 649 997 722 dolentibus
1019 676 1060 722 ex
1080 655 1210 740 anim03
1234 655 1282 723 sio

338 770 474 841 Derisor
496 794 574 842 vero
597 771 676 866 plus
704 769 878 840 laudatore
900 778 1063 842 movetur.
1244 766 1246 771 ⁴

340 889 448 982 Reges
470 888 631 959 dicuntur
650 889 766 958 multis
786 911 929 982 urguere
946 888 1101 981 culullis,

338 1005 380 1077 Et
401 1015 559 1100 torquere
581 1030 693 1097 mero,
720 1031 821 1101 quem
845 1007 1049 1102 perspexisse
1070 1006 1241 1098 leborant,

337 1125 392 1195 An
411 1126 454 1194 sit
484 1124 626 1195 amicitia
649 1125 790 1218 dignus:
814 1127 842 1195 si
865 1126 1011 1195 carmina
1035 1126 1178 1216 condes,

337 1234 529 1337 Numquam
550 1251 583 1313 te
608 1242 727 1313 fallant
751 1245 853 1314 animi
876 1242 940 1314 sub
964 1243 1067 1338 vulpe
1091 1244 1241 1315 latentes.

305 1466 363 1516 (lent
378 1466 529 1516 Grammatici
543 1467 632 1515 Nonius
643 1465 768 1515 Marcellus
779 1475 804 1514 ct
834 1468 922 1527 uisam·
938 1467 1068 1532 simplicius
1088 1476 1167 1517 temen
1187 1484 1216 1517 ac
1233 1468 1329 1518 facilius

306 1551 402 1615 Festus,
434 1562 459 1600 et
488 1551 574 1618 prohat
600 1550 804 1618 wyttenbachius.
838 1552 956 1613 luderem.
970 1552 1073 1617 Quodin
1090 1553 1211 1619 nonnullis
1225 1554 1285 1603 MSS.
1303 1563 1329 1603 et

305 1636 371 1686 Idem
386 1637 473 1687 Nonius
493 1639 520 1686 in
535 1638 636 1687 Neniae:
650 1640 764 1702 Ineptum
778 1644 805 1685 et
837 1635 980 1686 editionibus
1003 1640 1101 1701 uisitur,
1123 1641 1280 1704 pruspceisse
1303 1649 1329 1688 et

302 1724 458 1773 {munditiem
472 1739 583 1785 comen,
608 1723 670 1788 quod
684 1723 802 1771 eonducta
828 1725 1065 1787 perspertsae,sunt
1073 1740 1162 1773 errores
1169 1723 1328 1775 librariorum.

305 1810 410 1871 mulier,
418 1811 592 1873 qneepraeficu
599 1809 740 1870 dicebatur,
749 1809 803 1870 leis,
835 1808 906 1857 Miror
920 1808 1024 1874 aliquem
1038 1808 1101 1858 illud
1106 1813 1264 1875 prospeeisse
1276 1819 1329 1860 tue-

304 1896 393 1957 quidus
403 1896 540 1959 propinqui
559 1910 608 1942 nort
627 1901 723 1955 essent,
740 1908 803 1941 rner-
834 1893 857 1940 ri
871 1895 983 1957 potuisse.

305 1980 359 2027 tuis
374 1980 508 2028 relideret.
530 1979 583 2027 Scio
601 1994 676 2044 genus
691 1977 801 2026 musculi·
864 1976 1003 2042 Numquam
1028 1987 1053 2028 te
1068 1980 1168 2039 sallent
1182 1982 1263 2030 animi
1285 1984 1340 2030 sub>

304 2081 362 2112 num
374 2081 444 2129 saepe
460 2067 569 2112 universe
582 2065 651 2129 poni,
672 2061 766 2129 quando
779 2071 804 2110 et
836 2065 907 2126 υιιῖρσ
927 2065 1040 2113 latentes.
1073 2066 1135 2130 Ego,
1156 2066 1218 2133 quod
1233 2069 1260 2115 in
1275 2067 1331 2117 eliis

304 2150 446 2197 femininum
463 2149 645 2214 complectitur,
668 2146 697 2196 de
713 2164 761 2214 qua
776 2164 802 2196 re
834 2147 897 2197 MSS.
918 2148 1021 2214 legitur,
1038 2150 1136 2210 fallent
1153 2153 1261 2217 pressero
1276 2153 1330 2202 rul-

303 2232 380 2283 muln
394 2235 517 2282 annotavit
538 2233 666 2282 Dorvillius
677 2231 708 2282 ad
722 2231 802 2282 Chari-
833 2242 888 2298 gato
896 2233 1003 2294 fallunt.
1017 2235 1042 2283 si
1053 2238 1155 2286 cumina
1168 2236 1266 2300 condes,
1278 2255 1331 2287 car·
1345 2240 1352 2249 '

302 2317 687 2385 tonsmpeg.77‚153etalibi:
705 2316 803 2367 ethius
834 2320 899 2367 mina
914 2320 1018 2383 sacient,
1034 2320 1098 2387 quod
1115 2324 1203 2372 vinum.
1235 2324 1289 2373 leri
1303 2334 1331 2373 et

299 2405 411 2453 nonnulli
425 2404 489 2453 hunc
504 2405 583 2452 locum
604 2402 796 2468 explicaverunt;
832 2403 888 2452 fulsi
903 2406 974 2453 amici
992 2423 1022 2453 ex
1037 2406 1126 2456 iudicio
1142 2408 1171 2456 de
1188 2408 1330 2459 carminibus

299 2490 374 2540 fuisse
389 2492 453 2541 enim
469 2491 495 2537 in
508 2489 593 2537 funere
608 2497 632 2536 et
646 2487 721 2551 alios,
734 2505 802 2553 prae·
833 2489 1057 2554 deprehendentur,
1070 2493 1125 2542 ficti
1133 2503 1157 2542 te
1170 2512 1218 2545 non
1225 2494 1330 2556 fallent.

305 2586 343 2624 ter
358 2577 467 2624 feminas.
489 2574 609 2639 Nusquam
623 2581 702 2622 tamen
722 2574 804 2622 inveni
835 2573 896 2637 Sed,
928 2592 997 2641 rogo,
1019 2578 1079 2644 quid
1104 2590 1159 2628 sunt
1182 2583 1264 2631 animi
1285 2583 1329 2631 sud

302 2660 362 2709 alios
378 2661 451 2708 luisse
468 2657 594 2708 conductos
618 2665 646 2705 ut
662 2656 801 2723 plorarent,
834 2660 905 2723 rupe
926 2660 1055 2711 letantes?
1077 2663 1168 2728 Animi,
1193 2668 1221 2716 ni
1241 2667 1325 2729 fallor,
1356 2729 1357 2732 Ἴ

302 2762 375 2812 quam
391 2746 500 2794 semines.
834 2760 877 2792 seu
900 2744 1019 2810 homines,
1041 2750 1084 2815 qui
1104 2745 1236 2801 sumserunt
1251 2761 1330 2803 exter·

335 2832 412 2891 Quen
420 2832 578 2896 perspectare
591 2830 709 2878 laborm.
723 2830 752 2877 Et
762 2846 802 2878 re·
833 2846 887 2879 num
903 2834 1005 2897 speciem
1018 2834 1113 2899 vulpis,
1128 2837 1212 2903 vulpes
1224 2838 1282 2887 adeo
1293 2840 1330 2887 vi·

301 2928 365 2968 teres
382 2917 515 2980 editiones,
541 2925 566 2965 et
590 2915 698 2981 plerique
722 2931 802 2963 omues
834 2914 934 2981 dentur,
951 2917 993 2967 sed
1015 2921 1093 2983 intus,
1117 2939 1200 2973 revere
1214 2934 1269 2973 suut
1283 2923 1329 2973 sal-

302 3004 410 3066 Godices,
424 3004 544 3051 kemut.
560 3001 692 3069 llevoeetur
704 3000 800 3065 itaque3
833 3000 905 3052 laces.
932 3002 957 3051 Si
971 3003 1058 3069 vulpes
1076 3017 1137 3055 esset
1152 3009 1240 3059 animal
1254 3011 1329 3058 since·

302 3100 330 3138 et
355 3089 466 3158 deinceps
489 3086 634 3136 scribamus:
659 3086 740 3149 Reges
765 3086 804 3133 dr·-
835 3103 889 3136 rum
910 3098 935 3137 et
948 3088 1089 3155 candidum,
1106 3103 1171 3142 recte
1186 3111 1330 3160 opponeren-

302 3182 394 3224 euntur
408 3176 509 3240 mugnis
523 3171 805 3238 urgsoereeulullia,Et
837 3182 878 3221 tur
906 3173 1012 3224 fallaces.
1037 3176 1104 3226 Nunc
1124 3178 1184 3229 dicit
1206 3181 1328 3231 Horatiust

302 3267 416 3323 torquere
443 3274 522 3323 mmo,
555 3272 625 3321 quem
642 3257 803 3321 perspexisse
833 3257 943 3306 Homines
956 3259 1058 3310 latentes
1070 3262 1113 3311 sub
1122 3266 1197 3314 forma
1207 3267 1329 3316 fallacium

304 3346 433 3405 hincne,
455 3344 496 3391 An
511 3346 550 3391 sit
569 3343 687 3410 amicitia
702 3341 803 3407 dignae.
836 3358 957 3408 nunquam
975 3355 1000 3393 te
1016 3347 1110 3398 fallent.
1133 3350 1198 3413 Quod
1211 3352 1330 3415 ineptum.

304 3430 333 3478 In
349 3428 440 3478 duobus
453 3428 510 3476 solis
524 3430 603 3493 reperi
611 3430 736 3488 luberent5
746 3444 804 3494 quo-
835 3429 925 3477 Lutere
940 3432 984 3479 sul
996 3434 1116 3497 aliquare
1128 3451 1174 3483 non
1186 3434 1258 3485 aliter
1272 3440 1331 3504 poni

304 3532 359 3564 rum
382 3516 409 3563 iu
433 3529 480 3561 uno
499 3512 649 3561 emendatum
666 3523 718 3562 erat
742 3514 810 3561 ene
836 3513 905 3564 solet.
921 3516 1001 3567 Livius
1016 3519 1041 3582 l,
1057 3521 1097 3569 56.
1118 3520 1152 3567 [st
1166 3522 1278 3570 subdus
1293 3525 1331 3572 od·

305 3608 374 3651 runt.
389 3601 449 3650 Sane
465 3598 524 3666 quid
543 3597 625 3647 modus
640 3598 804 3648 subiunctivus
836 3607 909 3649 teratu
928 3605 1081 3669 augminis
1103 3602 1189 3670 (Benti)
1211 3607 1331 3658 liberator

306 3687 347 3737 hic
361 3688 448 3748 saciat,
464 3683 605 3758 nonvideo.
621 3684 781 3740 BENTLEIVS.
834 3688 1189 3752 illepepulillomarsr’animus
1195 3692 1277 3741 lateras
1290 3710 1330 3759 op-

339 3775 484 3839 Quamquam
513 3772 611 3819 somsse
635 3770 670 3817 sic
691 3769 807 3835 explicui
831 3776 1329 3838 perireturtemporusua.0vidiuslmor.

307 3869 402 3925 poterat
414 3857 497 3906 modus
504 3856 547 3906 ille
555 3855 733 3913 subiunctivus,
748 3858 806 3921 quia
837 3858 862 3921 l,
876 3873 931 3922 vm,
946 3860 1000 3908 104.
1018 3874 1109 3908 omno
1121 3863 1202 3912 liutem
1217 3866 1261 3914 sul
1272 3867 1330 3914 rnal-

306 3949 381 3995 oratio
397 3956 448 3995 tota
465 3954 502 3994 est
515 3942 666 3993 indirectaet
679 3957 804 4006 suspensa,
837 3946 868 3994 Le.
891 3946 983 3994 Metam.
1000 3945 1064 4009 ΧΠ,
1080 3949 1137 3997 276.
1171 3950 1268 4014 &ique
1286 3952 1329 4000 sut

306 4046 378 4095 reges
405 4032 524 4080 dimeter
545 4029 650 4095 aliquem
670 4043 734 4076 mero
755 4037 804 4077 tor·
835 4032 880 4080 liae
893 4032 1089 4093 luteuotsurtim
1097 4034 1234 4099 dulesdm,
1247 4052 1329 4086 sacrm

307 4131 398 4181 quere,
422 4132 496 4180 quum
516 4117 626 4164 lotorem
642 4130 696 4163 eum
706 4129 806 4178 perspe-
837 4117 944 4167 Adr's'ee't.
961 4120 1013 4181 Ita,
1030 4118 1093 4185 quod
1105 4119 1179 4184 latet,
1195 4123 1263 4187 peius
1278 4132 1323 4185 est,
