<?xml version="1.0" encoding="UTF-8"?>
<!DOCTYPE html PUBLIC "-//W3C//DTD XHTML 1.0 Transitional//EN"
    "http://www.w3.org/TR/xhtml1/DTD/xhtml1-transitional.dtd">
<html xmlns="http://www.w3.org/1999/xhtml" xml:lang="en" lang="en">
 <head>
  <title>
</title>
<meta http-equiv="Content-Type" content="text/html;charset=utf-8" />
  <meta name='ocr-system' content='tesseract 3.04.00' />
  <meta name='ocr-capabilities' content='ocr_page ocr_carea ocr_par ocr_line ocrx_word'/>
</head>
<body>
  <div class='ocr_page' id='page_1' title='image "./qhoratiiflaccie00peergoog_0045.png"; bbox 0 0 3009 5000; ppageno 0'>
   <div class='ocr_carea' id='block_1_1' title="bbox 257 428 1013 530">
    <p class='ocr_par' dir='ltr' id='par_1_1' title="bbox 257 428 1013 530">
     <span class='ocr_line' id='line_1_1' title="bbox 257 428 1013 530; baseline 0.003 -20"><span class='ocrx_word' id='word_1_1' title='bbox 257 447 296 510; x_wconf 79' lang='lat'>72</span> <span class='ocrx_word' id='word_1_2' title='bbox 346 526 349 530; x_wconf 16' lang='lat'><strong>¹</strong></span> <span class='ocrx_word' id='word_1_3' title='bbox 528 454 739 515; x_wconf 73' lang='lat' dir='ltr'>rorirrr</span> <span class='ocrx_word' id='word_1_4' title='bbox 771 428 1013 514; x_wconf 76' lang='lat' dir='ltr'>nrrsrorl</span> 
     </span>
    </p>
   </div>
   <div class='ocr_carea' id='block_1_2' title="bbox 288 646 1250 869">
    <p class='ocr_par' dir='ltr' id='par_1_2' title="bbox 288 646 1250 869">
     <span class='ocr_line' id='line_1_2' title="bbox 288 646 1100 750; baseline 0.002 -27"><span class='ocrx_word' id='word_1_5' title='bbox 288 653 475 750; x_wconf 78' lang='lat' dir='ltr'>Interpres3</span> <span class='ocrx_word' id='word_1_6' title='bbox 498 677 562 726; x_wconf 87' lang='lat' dir='ltr'>nee</span> <span class='ocrx_word' id='word_1_7' title='bbox 582 653 712 726; x_wconf 75' lang='lat' dir='ltr'><strong>desilies</strong></span> <span class='ocrx_word' id='word_1_8' title='bbox 737 655 886 726; x_wconf 81' lang='lat' dir='ltr'>imitator</span> <span class='ocrx_word' id='word_1_9' title='bbox 909 657 944 726; x_wconf 92' lang='lat' dir='ltr'>in</span> <span class='ocrx_word' id='word_1_10' title='bbox 968 646 1100 743; x_wconf 85' lang='lat' dir='ltr'>artum,</span> 
     </span>
     <span class='ocr_line' id='line_1_3' title="bbox 288 770 1250 869; baseline -0.004 -25"><span class='ocrx_word' id='word_1_11' title='bbox 288 771 385 844; x_wconf 86' lang='lat' dir='ltr'><strong>Unde</strong></span> <span class='ocrx_word' id='word_1_12' title='bbox 405 771 526 868; x_wconf 76' lang='lat' dir='ltr'>pedem</span> <span class='ocrx_word' id='word_1_13' title='bbox 546 773 698 869; x_wconf 62' lang='lat' dir='ltr'>prostrre</span> <span class='ocrx_word' id='word_1_14' title='bbox 717 773 830 868; x_wconf 91' lang='lat' dir='ltr'>pudor</span> <span class='ocrx_word' id='word_1_15' title='bbox 850 781 954 864; x_wconf 83' lang='lat' dir='ltr'>vetet,</span> <span class='ocrx_word' id='word_1_16' title='bbox 980 781 1041 844; x_wconf 86' lang='lat' dir='ltr'>eut</span> <span class='ocrx_word' id='word_1_17' title='bbox 1057 771 1167 866; x_wconf 85' lang='lat' dir='ltr'>operis</span> <span class='ocrx_word' id='word_1_18' title='bbox 1185 770 1250 842; x_wconf 83' lang='lat' dir='ltr'>lex.</span> 
     </span>
    </p>
   </div>
   <div class='ocr_carea' id='block_1_3' title="bbox 254 1048 1358 4197">
    <p class='ocr_par' dir='ltr' id='par_1_3' title="bbox 254 1048 1358 4197">
     <span class='ocr_line' id='line_1_4' title="bbox 256 1048 1284 1115; baseline -0.004 -18"><span class='ocrx_word' id='word_1_19' title='bbox 256 1049 335 1111; x_wconf 72' lang='lat' dir='ltr'>tiene,</span> <span class='ocrx_word' id='word_1_20' title='bbox 352 1048 440 1114; x_wconf 87' lang='lat' dir='ltr'>quibus</span> <span class='ocrx_word' id='word_1_21' title='bbox 452 1050 568 1100; x_wconf 78' lang='lat' dir='ltr'>accedunt</span> <span class='ocrx_word' id='word_1_22' title='bbox 580 1050 702 1099; x_wconf 76' lang='lat' dir='ltr'>veterrimi</span> <span class='ocrx_word' id='word_1_23' title='bbox 712 1048 755 1097; x_wconf 79' lang='lat' dir='ltr'>Go-</span> <span class='ocrx_word' id='word_1_24' title='bbox 786 1051 896 1115; x_wconf 72' lang='lat' dir='ltr'>seps-imi</span> <span class='ocrx_word' id='word_1_25' title='bbox 908 1050 1006 1099; x_wconf 72' lang='lat' dir='ltr'>verbim</span> <span class='ocrx_word' id='word_1_26' title='bbox 1014 1065 1028 1098; x_wconf 89' lang='lat' dir='ltr'>e</span> <span class='ocrx_word' id='word_1_27' title='bbox 1036 1050 1106 1098; x_wconf 83' lang='lat' dir='ltr'>reris</span> <span class='ocrx_word' id='word_1_28' title='bbox 1115 1062 1210 1097; x_wconf 69' lang='lat' dir='ltr'>nereus</span> <span class='ocrx_word' id='word_1_29' title='bbox 1219 1048 1284 1108; x_wconf 76' lang='lat' dir='ltr'>erit,</span> 
     </span>
     <span class='ocr_line' id='line_1_5' title="bbox 256 1131 1286 1201; baseline -0.001 -20"><span class='ocrx_word' id='word_1_30' title='bbox 256 1131 337 1196; x_wconf 84' lang='lat' dir='ltr'>dices,</span> <span class='ocrx_word' id='word_1_31' title='bbox 364 1135 502 1199; x_wconf 78' lang='lat' dir='ltr'>Vossianus,</span> <span class='ocrx_word' id='word_1_32' title='bbox 522 1136 681 1197; x_wconf 69' lang='lat' dir='ltr'>inserimus,</span> <span class='ocrx_word' id='word_1_33' title='bbox 703 1136 756 1184; x_wconf 86' lang='lat' dir='ltr'>Lei·</span> <span class='ocrx_word' id='word_1_34' title='bbox 787 1144 818 1184; x_wconf 79' lang='lat' dir='ltr'>ut</span> <span class='ocrx_word' id='word_1_35' title='bbox 829 1138 982 1201; x_wconf 77' lang='lat' dir='ltr'>interpretes</span> <span class='ocrx_word' id='word_1_36' title='bbox 990 1135 1113 1183; x_wconf 78' lang='lat' dir='ltr'>indiserti</span> <span class='ocrx_word' id='word_1_37' title='bbox 1121 1136 1207 1182; x_wconf 77' lang='lat' dir='ltr'>solent.</span> <span class='ocrx_word' id='word_1_38' title='bbox 1221 1131 1286 1197; x_wconf 83' lang='lat' dir='ltr'>Opti·</span> 
     </span>
     <span class='ocr_line' id='line_1_6' title="bbox 254 1217 1285 1287; baseline -0.003 -20"><span class='ocrx_word' id='word_1_39' title='bbox 254 1217 348 1282; x_wconf 84' lang='lat' dir='ltr'>densis,</span> <span class='ocrx_word' id='word_1_40' title='bbox 362 1222 513 1287; x_wconf 86' lang='lat' dir='ltr'>Reginensis,</span> <span class='ocrx_word' id='word_1_41' title='bbox 526 1237 579 1268; x_wconf 85' lang='lat' dir='ltr'>cunr</span> <span class='ocrx_word' id='word_1_42' title='bbox 591 1220 646 1268; x_wconf 89' lang='lat' dir='ltr'>aliis</span> <span class='ocrx_word' id='word_1_43' title='bbox 655 1222 755 1284; x_wconf 88' lang='lat' dir='ltr'>nostris,</span> <span class='ocrx_word' id='word_1_44' title='bbox 788 1223 836 1285; x_wconf 88' lang='lat' dir='ltr'>mi,</span> <span class='ocrx_word' id='word_1_45' title='bbox 852 1223 879 1270; x_wconf 90' lang='lat' dir='ltr'>ni</span> <span class='ocrx_word' id='word_1_46' title='bbox 894 1221 979 1285; x_wconf 85' lang='lat' dir='ltr'>fallor,</span> <span class='ocrx_word' id='word_1_47' title='bbox 993 1223 1119 1287; x_wconf 82' lang='lat' dir='ltr'>scriptores</span> <span class='ocrx_word' id='word_1_48' title='bbox 1130 1220 1208 1268; x_wconf 80' lang='lat' dir='ltr'>secuti</span> <span class='ocrx_word' id='word_1_49' title='bbox 1216 1225 1285 1280; x_wconf 87' lang='lat' dir='ltr'>aunt,</span> 
     </span>
     <span class='ocr_line' id='line_1_7' title="bbox 256 1301 1358 1374; baseline -0.001 -21"><span class='ocrx_word' id='word_1_50' title='bbox 256 1314 285 1353; x_wconf 88' lang='lat' dir='ltr'>ut</span> <span class='ocrx_word' id='word_1_51' title='bbox 306 1315 330 1353; x_wconf 91' lang='lat' dir='ltr'>et</span> <span class='ocrx_word' id='word_1_52' title='bbox 350 1306 460 1372; x_wconf 87' lang='lat' dir='ltr'>pluribus</span> <span class='ocrx_word' id='word_1_53' title='bbox 476 1306 592 1354; x_wconf 85' lang='lat' dir='ltr'>aliorum:</span> <span class='ocrx_word' id='word_1_54' title='bbox 617 1306 670 1366; x_wconf 83' lang='lat' dir='ltr'>Nee</span> <span class='ocrx_word' id='word_1_55' title='bbox 685 1308 756 1355; x_wconf 80' lang='lat' dir='ltr'>verbo</span> <span class='ocrx_word' id='word_1_56' title='bbox 788 1307 851 1373; x_wconf 88' lang='lat' dir='ltr'>quod</span> <span class='ocrx_word' id='word_1_57' title='bbox 864 1318 901 1356; x_wconf 90' lang='lat' dir='ltr'>est</span> <span class='ocrx_word' id='word_1_58' title='bbox 912 1307 1045 1374; x_wconf 82' lang='lat' dir='ltr'>simplicius</span> <span class='ocrx_word' id='word_1_59' title='bbox 1062 1315 1086 1355; x_wconf 87' lang='lat' dir='ltr'>et</span> <span class='ocrx_word' id='word_1_60' title='bbox 1099 1308 1176 1354; x_wconf 85' lang='lat' dir='ltr'>miuus</span> <span class='ocrx_word' id='word_1_61' title='bbox 1189 1304 1290 1363; x_wconf 59' lang='lat' dir='ltr'>affecte</span> <span class='ocrx_word' id='word_1_62' title='bbox 1355 1301 1358 1307; x_wconf 69' lang='grc'>’</span> 
     </span>
     <span class='ocr_line' id='line_1_8' title="bbox 256 1390 1288 1460; baseline 0 -23"><span class='ocrx_word' id='word_1_63' title='bbox 256 1392 354 1438; x_wconf 75' lang='lat' dir='ltr'>verbm</span> <span class='ocrx_word' id='word_1_64' title='bbox 378 1392 477 1439; x_wconf 80' lang='lat' dir='ltr'>eurulis</span> <span class='ocrx_word' id='word_1_65' title='bbox 495 1391 601 1439; x_wconf 82' lang='lat' dir='ltr'>reddere.</span> <span class='ocrx_word' id='word_1_66' title='bbox 626 1392 707 1439; x_wconf 88' lang='lat' dir='ltr'>Utrum</span> <span class='ocrx_word' id='word_1_67' title='bbox 725 1409 755 1441; x_wconf 85' lang='lat' dir='ltr'>ex</span> <span class='ocrx_word' id='word_1_68' title='bbox 787 1403 853 1456; x_wconf 89' lang='lat' dir='ltr'>tum,</span> <span class='ocrx_word' id='word_1_69' title='bbox 867 1410 944 1460; x_wconf 89' lang='lat' dir='ltr'>neque</span> <span class='ocrx_word' id='word_1_70' title='bbox 957 1403 1042 1458; x_wconf 86' lang='lat' dir='ltr'>poetae</span> <span class='ocrx_word' id='word_1_71' title='bbox 1056 1391 1127 1440; x_wconf 82' lang='lat' dir='ltr'>aliter</span> <span class='ocrx_word' id='word_1_72' title='bbox 1136 1390 1288 1453; x_wconf 86' lang='lat' dir='ltr'>feeere,uisi</span> 
     </span>
     <span class='ocr_line' id='line_1_9' title="bbox 254 1474 1294 1550; baseline -0.001 -27"><span class='ocrx_word' id='word_1_73' title='bbox 254 1474 295 1524; x_wconf 84' lang='lat' dir='ltr'>bis</span> <span class='ocrx_word' id='word_1_74' title='bbox 311 1486 394 1524; x_wconf 86' lang='lat' dir='ltr'>auctor</span> <span class='ocrx_word' id='word_1_75' title='bbox 409 1476 519 1539; x_wconf 83' lang='lat' dir='ltr'>dederit,</span> <span class='ocrx_word' id='word_1_76' title='bbox 541 1475 642 1525; x_wconf 69' lang='lat' dir='ltr'>arbitrio</span> <span class='ocrx_word' id='word_1_77' title='bbox 663 1479 757 1526; x_wconf 77' lang='lat' dir='ltr'>aurium</span> <span class='ocrx_word' id='word_1_78' title='bbox 789 1481 974 1550; x_wconf 21' lang='lat' dir='ltr'>metroleoacti.</span> <span class='ocrx_word' id='word_1_79' title='bbox 1012 1478 1051 1526; x_wconf 85' lang='lat' dir='ltr'>Sis</span> <span class='ocrx_word' id='word_1_80' title='bbox 1074 1476 1188 1542; x_wconf 75' lang='lat' dir='ltr'>Virgilius</span> <span class='ocrx_word' id='word_1_81' title='bbox 1209 1477 1294 1523; x_wconf 72' lang='lat' dir='ltr'>litorav</span> 
     </span>
     <span class='ocr_line' id='line_1_10' title="bbox 255 1560 1287 1629; baseline -0.002 -20"><span class='ocrx_word' id='word_1_82' title='bbox 255 1560 436 1610; x_wconf 82' lang='lat' dir='ltr'>diiudicandum</span> <span class='ocrx_word' id='word_1_83' title='bbox 450 1572 493 1611; x_wconf 88' lang='lat' dir='ltr'>est.</span> <span class='ocrx_word' id='word_1_84' title='bbox 508 1562 619 1610; x_wconf 83' lang='lat' dir='ltr'>Claudius</span> <span class='ocrx_word' id='word_1_85' title='bbox 629 1562 758 1629; x_wconf 81' lang='lat' dir='ltr'>Quadriga·</span> <span class='ocrx_word' id='word_1_86' title='bbox 790 1566 922 1628; x_wconf 77' lang='lat' dir='ltr'>litoribus,</span> <span class='ocrx_word' id='word_1_87' title='bbox 946 1580 1015 1613; x_wconf 84' lang='lat' dir='ltr'>arma</span> <span class='ocrx_word' id='word_1_88' title='bbox 1031 1565 1127 1624; x_wconf 74' lang='lat' dir='ltr'>amis,</span> <span class='ocrx_word' id='word_1_89' title='bbox 1150 1571 1175 1609; x_wconf 90' lang='lat' dir='ltr'>et</span> <span class='ocrx_word' id='word_1_90' title='bbox 1195 1562 1221 1610; x_wconf 91' lang='lat' dir='ltr'>in</span> <span class='ocrx_word' id='word_1_91' title='bbox 1236 1575 1287 1607; x_wconf 85' lang='lat' dir='ltr'>ore·</span> 
     </span>
     <span class='ocr_line' id='line_1_11' title="bbox 255 1645 1287 1715; baseline -0.001 -21"><span class='ocrx_word' id='word_1_92' title='bbox 255 1647 306 1694; x_wconf 89' lang='lat' dir='ltr'>rius</span> <span class='ocrx_word' id='word_1_93' title='bbox 322 1645 386 1713; x_wconf 77' lang='lat' dir='ltr'>apud</span> <span class='ocrx_word' id='word_1_94' title='bbox 400 1648 503 1697; x_wconf 76' lang='lat' dir='ltr'>Gellium</span> <span class='ocrx_word' id='word_1_95' title='bbox 520 1649 622 1711; x_wconf 82' lang='lat' dir='ltr'>tx,1s.</span> <span class='ocrx_word' id='word_1_96' title='bbox 641 1650 756 1699; x_wconf 77' lang='lat' dir='ltr'>Manlius</span> <span class='ocrx_word' id='word_1_97' title='bbox 787 1652 851 1699; x_wconf 91' lang='lat' dir='ltr'>tione</span> <span class='ocrx_word' id='word_1_98' title='bbox 868 1667 953 1715; x_wconf 85' lang='lat' dir='ltr'>prose,</span> <span class='ocrx_word' id='word_1_99' title='bbox 978 1652 1041 1699; x_wconf 81' lang='lat' dir='ltr'>bello</span> <span class='ocrx_word' id='word_1_100' title='bbox 1056 1665 1087 1697; x_wconf 80' lang='lat' dir='ltr'>ser</span> <span class='ocrx_word' id='word_1_101' title='bbox 1102 1648 1174 1696; x_wconf 80' lang='lat' dir='ltr'>bellis</span> <span class='ocrx_word' id='word_1_102' title='bbox 1189 1661 1287 1708; x_wconf 87' lang='lat' dir='ltr'>serere,</span> 
     </span>
     <span class='ocr_line' id='line_1_12' title="bbox 255 1732 1288 1802; baseline 0 -23"><span class='ocrx_word' id='word_1_103' title='bbox 255 1734 338 1780; x_wconf 76' lang='lat' dir='ltr'>opimo</span> <span class='ocrx_word' id='word_1_104' title='bbox 365 1735 449 1799; x_wconf 78' lang='lat' dir='ltr'>rengis</span> <span class='ocrx_word' id='word_1_105' title='bbox 477 1751 548 1800; x_wconf 83' lang='lat' dir='ltr'>quam</span> <span class='ocrx_word' id='word_1_106' title='bbox 572 1741 627 1783; x_wconf 86' lang='lat' dir='ltr'>arte</span> <span class='ocrx_word' id='word_1_107' title='bbox 650 1738 756 1797; x_wconf 79' lang='lat' dir='ltr'>confisus</span> <span class='ocrx_word' id='word_1_108' title='bbox 785 1738 839 1784; x_wconf 76' lang='lat' dir='ltr'>arim</span> <span class='ocrx_word' id='word_1_109' title='bbox 852 1739 880 1785; x_wconf 81' lang='lat' dir='ltr'>ei</span> <span class='ocrx_word' id='word_1_110' title='bbox 887 1738 1017 1800; x_wconf 83' lang='lat' dir='ltr'>repellere,</span> <span class='ocrx_word' id='word_1_111' title='bbox 1025 1751 1072 1802; x_wconf 90' lang='lat' dir='ltr'>pes</span> <span class='ocrx_word' id='word_1_112' title='bbox 1084 1750 1137 1782; x_wconf 76' lang='lat' dir='ltr'>erem</span> <span class='ocrx_word' id='word_1_113' title='bbox 1141 1732 1203 1798; x_wconf 86' lang='lat' dir='ltr'>peda</span> <span class='ocrx_word' id='word_1_114' title='bbox 1215 1733 1288 1780; x_wconf 83' lang='lat' dir='ltr'>eollo-</span> 
     </span>
     <span class='ocr_line' id='line_1_13' title="bbox 256 1817 1289 1888; baseline 0.001 -22"><span class='ocrx_word' id='word_1_115' title='bbox 256 1825 354 1866; x_wconf 74' lang='lat' dir='ltr'>scutum</span> <span class='ocrx_word' id='word_1_116' title='bbox 369 1827 437 1868; x_wconf 78' lang='lat' dir='ltr'>scuto</span> <span class='ocrx_word' id='word_1_117' title='bbox 448 1823 590 1884; x_wconf 61' lang='lat' dir='ltr'>perussit,</span> <span class='ocrx_word' id='word_1_118' title='bbox 615 1829 689 1884; x_wconf 80' lang='lat' dir='ltr'>etque</span> <span class='ocrx_word' id='word_1_119' title='bbox 704 1828 756 1870; x_wconf 84' lang='lat' dir='ltr'>sta·</span> <span class='ocrx_word' id='word_1_120' title='bbox 789 1830 845 1884; x_wconf 81' lang='lat' dir='ltr'>tres,</span> <span class='ocrx_word' id='word_1_121' title='bbox 861 1822 971 1888; x_wconf 76' lang='lat' dir='ltr'>idemque</span> <span class='ocrx_word' id='word_1_122' title='bbox 987 1824 1014 1871; x_wconf 91' lang='lat' dir='ltr'>in</span> <span class='ocrx_word' id='word_1_123' title='bbox 1033 1819 1143 1869; x_wconf 88' lang='lat' dir='ltr'>omnibus</span> <span class='ocrx_word' id='word_1_124' title='bbox 1158 1817 1289 1884; x_wconf 79' lang='lat' dir='ltr'>proverbiis</span> 
     </span>
     <span class='ocr_line' id='line_1_14' title="bbox 258 1906 1289 1972; baseline 0.001 -21"><span class='ocrx_word' id='word_1_125' title='bbox 258 1910 314 1952; x_wconf 79' lang='lat' dir='ltr'>tem</span> <span class='ocrx_word' id='word_1_126' title='bbox 324 1906 393 1952; x_wconf 83' lang='lat' dir='ltr'>Gelli</span> <span class='ocrx_word' id='word_1_127' title='bbox 408 1907 572 1954; x_wconf 77' lang='lat' dir='ltr'>conturbavit.</span> <span class='ocrx_word' id='word_1_128' title='bbox 589 1906 759 1972; x_wconf 84' lang='lat' dir='ltr'>ltonunoqui-</span> <span class='ocrx_word' id='word_1_129' title='bbox 791 1906 953 1971; x_wconf 87' lang='lat' dir='ltr'>observatum,</span> <span class='ocrx_word' id='word_1_130' title='bbox 970 1918 999 1956; x_wconf 88' lang='lat' dir='ltr'>ut</span> <span class='ocrx_word' id='word_1_131' title='bbox 1014 1907 1202 1967; x_wconf 68' lang='lat' dir='ltr'>bonohomini,</span> <span class='ocrx_word' id='word_1_132' title='bbox 1216 1906 1289 1969; x_wconf 79' lang='lat' dir='ltr'>lupus</span> 
     </span>
     <span class='ocr_line' id='line_1_15' title="bbox 259 1987 1104 2057; baseline 0.007 -22"><span class='ocrx_word' id='word_1_133' title='bbox 259 1987 312 2036; x_wconf 91' lang='lat' dir='ltr'>dem</span> <span class='ocrx_word' id='word_1_134' title='bbox 330 1989 420 2038; x_wconf 82' lang='lat' dir='ltr'>fertur:</span> <span class='ocrx_word' id='word_1_135' title='bbox 443 1990 485 2039; x_wconf 89' lang='lat' dir='ltr'>sed</span> <span class='ocrx_word' id='word_1_136' title='bbox 501 1992 581 2056; x_wconf 89' lang='lat' dir='ltr'>regius</span> <span class='ocrx_word' id='word_1_137' title='bbox 596 1991 705 2040; x_wconf 82' lang='lat' dir='ltr'>Lutetiae</span> <span class='ocrx_word' id='word_1_138' title='bbox 719 1991 760 2040; x_wconf 86' lang='lat' dir='ltr'>Go-</span> <span class='ocrx_word' id='word_1_139' title='bbox 792 1994 889 2057; x_wconf 82' lang='lat' dir='ltr'>lupum,</span> <span class='ocrx_word' id='word_1_140' title='bbox 906 1994 949 2040; x_wconf 78' lang='lat' dir='ltr'>sir</span> <span class='ocrx_word' id='word_1_141' title='bbox 964 1995 1032 2056; x_wconf 81' lang='lat' dir='ltr'>viro,</span> <span class='ocrx_word' id='word_1_142' title='bbox 1048 1992 1104 2041; x_wconf 87' lang='lat' dir='ltr'>alia.</span> 
     </span>
     <span class='ocr_line' id='line_1_16' title="bbox 260 2071 1288 2144; baseline 0.002 -24"><span class='ocrx_word' id='word_1_143' title='bbox 260 2071 306 2121; x_wconf 84' lang='lat' dir='ltr'>dex</span> <span class='ocrx_word' id='word_1_144' title='bbox 321 2090 374 2122; x_wconf 86' lang='lat' dir='ltr'>eum</span> <span class='ocrx_word' id='word_1_145' title='bbox 388 2075 463 2124; x_wconf 90' lang='lat' dir='ltr'>altero</span> <span class='ocrx_word' id='word_1_146' title='bbox 473 2076 570 2124; x_wconf 88' lang='lat' dir='ltr'>ldorello</span> <span class='ocrx_word' id='word_1_147' title='bbox 582 2083 651 2124; x_wconf 78' lang='lat' dir='ltr'>seete</span> <span class='ocrx_word' id='word_1_148' title='bbox 663 2084 761 2125; x_wconf 78' lang='lat' dir='ltr'>sontum</span> <span class='ocrx_word' id='word_1_149' title='bbox 828 2078 893 2126; x_wconf 75' lang='lat' dir='ltr'>Unde</span> <span class='ocrx_word' id='word_1_150' title='bbox 901 2079 989 2143; x_wconf 84' lang='lat' dir='ltr'>pedem</span> <span class='ocrx_word' id='word_1_151' title='bbox 996 2078 1110 2144; x_wconf 70' lang='lat' dir='ltr'>proferre</span> <span class='ocrx_word' id='word_1_152' title='bbox 1120 2076 1288 2141; x_wconf 61' lang='lat' dir='ltr'>pertinenter,</span> 
     </span>
     <span class='ocr_line' id='line_1_17' title="bbox 259 2157 1289 2229; baseline 0.001 -23"><span class='ocrx_word' id='word_1_153' title='bbox 259 2157 295 2206; x_wconf 94' lang='lat' dir='ltr'>ibi</span> <span class='ocrx_word' id='word_1_154' title='bbox 311 2157 415 2224; x_wconf 79' lang='lat' dir='ltr'>habent,</span> <span class='ocrx_word' id='word_1_155' title='bbox 433 2171 458 2209; x_wconf 89' lang='lat' dir='ltr'>et</span> <span class='ocrx_word' id='word_1_156' title='bbox 474 2160 528 2224; x_wconf 67' lang='lat' dir='ltr'>sio,</span> <span class='ocrx_word' id='word_1_157' title='bbox 538 2161 635 2227; x_wconf 84' lang='lat' dir='ltr'>opinor,</span> <span class='ocrx_word' id='word_1_158' title='bbox 655 2161 706 2211; x_wconf 86' lang='lat' dir='ltr'>alii.</span> <span class='ocrx_word' id='word_1_159' title='bbox 720 2163 778 2210; x_wconf 56' lang='lat' dir='ltr'>Lim</span> <span class='ocrx_word' id='word_1_160' title='bbox 791 2171 837 2212; x_wconf 79' lang='lat' dir='ltr'>eet</span> <span class='ocrx_word' id='word_1_161' title='bbox 849 2166 931 2229; x_wconf 81' lang='lat' dir='ltr'>operis</span> <span class='ocrx_word' id='word_1_162' title='bbox 946 2166 993 2214; x_wconf 75' lang='lat' dir='ltr'>les.</span> <span class='ocrx_word' id='word_1_163' title='bbox 1011 2164 1044 2212; x_wconf 80' lang='lat' dir='ltr'>lix</span> <span class='ocrx_word' id='word_1_164' title='bbox 1059 2163 1175 2228; x_wconf 75' lang='lat' dir='ltr'>angustiis</span> <span class='ocrx_word' id='word_1_165' title='bbox 1191 2158 1289 2208; x_wconf 78' lang='lat' dir='ltr'>evadere</span> 
     </span>
     <span class='ocr_line' id='line_1_18' title="bbox 257 2244 1289 2316; baseline 0.003 -26"><span class='ocrx_word' id='word_1_166' title='bbox 257 2244 314 2292; x_wconf 79' lang='lat' dir='ltr'>‚rius</span> <span class='ocrx_word' id='word_1_167' title='bbox 335 2244 364 2293; x_wconf 90' lang='lat' dir='ltr'>de</span> <span class='ocrx_word' id='word_1_168' title='bbox 386 2245 468 2294; x_wconf 84' lang='lat' dir='ltr'>eadem</span> <span class='ocrx_word' id='word_1_169' title='bbox 483 2263 564 2313; x_wconf 87' lang='lat' dir='ltr'>pugne</span> <span class='ocrx_word' id='word_1_170' title='bbox 580 2246 634 2311; x_wconf 91' lang='lat' dir='ltr'>Vll,</span> <span class='ocrx_word' id='word_1_171' title='bbox 652 2249 691 2297; x_wconf 80' lang='lat'>10.</span> <span class='ocrx_word' id='word_1_172' title='bbox 710 2249 759 2296; x_wconf 81' lang='lat' dir='ltr'>llo-</span> <span class='ocrx_word' id='word_1_173' title='bbox 792 2258 924 2313; x_wconf 87' lang='lat' dir='ltr'>tentantes,</span> <span class='ocrx_word' id='word_1_174' title='bbox 946 2251 1021 2316; x_wconf 85' lang='lat' dir='ltr'>megis</span> <span class='ocrx_word' id='word_1_175' title='bbox 1041 2249 1171 2310; x_wconf 48' lang='lat' dir='ltr'>reperimus</span> <span class='ocrx_word' id='word_1_176' title='bbox 1187 2244 1289 2312; x_wconf 85' lang='lat' dir='ltr'>pedem,</span> 
     </span>
     <span class='ocr_line' id='line_1_19' title="bbox 259 2330 1289 2402; baseline 0.001 -24"><span class='ocrx_word' id='word_1_177' title='bbox 259 2346 361 2394; x_wconf 79' lang='lat' dir='ltr'>monus,</span> <span class='ocrx_word' id='word_1_178' title='bbox 378 2349 492 2382; x_wconf 78' lang='lat' dir='ltr'>metrone</span> <span class='ocrx_word' id='word_1_179' title='bbox 502 2340 627 2397; x_wconf 84' lang='lat' dir='ltr'>surreeto,</span> <span class='ocrx_word' id='word_1_180' title='bbox 639 2350 694 2382; x_wconf 76' lang='lat' dir='ltr'>erere</span> <span class='ocrx_word' id='word_1_181' title='bbox 707 2351 761 2383; x_wconf 82' lang='lat' dir='ltr'>seu·</span> <span class='ocrx_word' id='word_1_182' title='bbox 793 2352 863 2402; x_wconf 90' lang='lat' dir='ltr'>quarn</span> <span class='ocrx_word' id='word_1_183' title='bbox 868 2336 1028 2402; x_wconf 65' lang='lat' dir='ltr'>preffsrimus.</span> <span class='ocrx_word' id='word_1_184' title='bbox 1037 2335 1148 2400; x_wconf 74' lang='lat' dir='ltr'>Virgilius</span> <span class='ocrx_word' id='word_1_185' title='bbox 1156 2330 1289 2398; x_wconf 80' lang='lat' dir='ltr'>Georg.lV,</span> 
     </span>
     <span class='ocr_line' id='line_1_20' title="bbox 262 2417 1291 2485; baseline 0 -21"><span class='ocrx_word' id='word_1_186' title='bbox 262 2423 316 2465; x_wconf 80' lang='lat' dir='ltr'>tum</span> <span class='ocrx_word' id='word_1_187' title='bbox 329 2422 483 2469; x_wconf 80' lang='lat' dir='ltr'>seutoe&#39;rtum</span> <span class='ocrx_word' id='word_1_188' title='bbox 493 2422 651 2484; x_wconf 78' lang='lat' dir='ltr'>perculisset.</span> <span class='ocrx_word' id='word_1_189' title='bbox 670 2420 708 2468; x_wconf 82' lang='lat' dir='ltr'>Sic</span> <span class='ocrx_word' id='word_1_190' title='bbox 721 2420 764 2468; x_wconf 90' lang='lat' dir='ltr'>bo·</span> <span class='ocrx_word' id='word_1_191' title='bbox 795 2424 845 2470; x_wconf 79' lang='lat'>485</span> <span class='ocrx_word' id='word_1_192' title='bbox 858 2421 887 2469; x_wconf 85' lang='lat' dir='ltr'>de</span> <span class='ocrx_word' id='word_1_193' title='bbox 900 2421 991 2485; x_wconf 84' lang='lat' dir='ltr'>Orpheo</span> <span class='ocrx_word' id='word_1_194' title='bbox 1005 2437 1035 2469; x_wconf 83' lang='lat' dir='ltr'>ex</span> <span class='ocrx_word' id='word_1_195' title='bbox 1051 2418 1160 2468; x_wconf 80' lang='lat' dir='ltr'>faucibus</span> <span class='ocrx_word' id='word_1_196' title='bbox 1174 2417 1291 2465; x_wconf 84' lang='lat' dir='ltr'>Tartareis</span> 
     </span>
     <span class='ocr_line' id='line_1_21' title="bbox 259 2503 1292 2569; baseline -0.002 -17"><span class='ocrx_word' id='word_1_197' title='bbox 259 2503 299 2553; x_wconf 85' lang='lat' dir='ltr'>die</span> <span class='ocrx_word' id='word_1_198' title='bbox 317 2504 431 2555; x_wconf 87' lang='lat' dir='ltr'>editores:</span> <span class='ocrx_word' id='word_1_199' title='bbox 457 2522 539 2554; x_wconf 85' lang='lat' dir='ltr'>verum</span> <span class='ocrx_word' id='word_1_200' title='bbox 555 2506 612 2553; x_wconf 92' lang='lat' dir='ltr'>olim</span> <span class='ocrx_word' id='word_1_201' title='bbox 630 2504 761 2568; x_wconf 88' lang='lat' dir='ltr'>dederant,</span> <span class='ocrx_word' id='word_1_202' title='bbox 793 2503 1240 2569; x_wconf 62' lang='lat' dir='ltr'>redeunteslarnquepedsmrtp&#39;erens</span> <span class='ocrx_word' id='word_1_203' title='bbox 1252 2518 1292 2550; x_wconf 84' lang='lat' dir='ltr'>ea·</span> 
     </span>
     <span class='ocr_line' id='line_1_22' title="bbox 258 2586 1292 2655; baseline -0.003 -17"><span class='ocrx_word' id='word_1_204' title='bbox 258 2606 314 2638; x_wconf 81' lang='lat' dir='ltr'>eum</span> <span class='ocrx_word' id='word_1_205' title='bbox 331 2599 401 2638; x_wconf 80' lang='lat' dir='ltr'>scuto</span> <span class='ocrx_word' id='word_1_206' title='bbox 420 2599 517 2639; x_wconf 77' lang='lat' dir='ltr'>sentem</span> <span class='ocrx_word' id='word_1_207' title='bbox 535 2592 628 2637; x_wconf 82' lang='lat' dir='ltr'>imum:</span> <span class='ocrx_word' id='word_1_208' title='bbox 651 2589 715 2655; x_wconf 90' lang='lat' dir='ltr'>quod</span> <span class='ocrx_word' id='word_1_209' title='bbox 735 2599 760 2638; x_wconf 85' lang='lat' dir='ltr'>st</span> <span class='ocrx_word' id='word_1_210' title='bbox 791 2607 836 2639; x_wconf 76' lang='lat' dir='ltr'>sess</span> <span class='ocrx_word' id='word_1_211' title='bbox 853 2598 967 2640; x_wconf 82' lang='lat' dir='ltr'>eraserat</span> <span class='ocrx_word' id='word_1_212' title='bbox 987 2605 1076 2639; x_wconf 82' lang='lat' dir='ltr'>onmes.</span> <span class='ocrx_word' id='word_1_213' title='bbox 1108 2589 1136 2636; x_wconf 93' lang='lat' dir='ltr'>ln</span> <span class='ocrx_word' id='word_1_214' title='bbox 1151 2586 1292 2654; x_wconf 83' lang='lat' dir='ltr'>quibusdam</span> 
     </span>
     <span class='ocr_line' id='line_1_23' title="bbox 259 2673 1290 2742; baseline 0 -19"><span class='ocrx_word' id='word_1_215' title='bbox 259 2676 398 2740; x_wconf 78' lang='lat' dir='ltr'>compositio</span> <span class='ocrx_word' id='word_1_216' title='bbox 426 2675 523 2723; x_wconf 81' lang='lat' dir='ltr'>videtur</span> <span class='ocrx_word' id='word_1_217' title='bbox 545 2690 650 2740; x_wconf 82' lang='lat' dir='ltr'>poscere.</span> <span class='ocrx_word' id='word_1_218' title='bbox 682 2674 762 2723; x_wconf 84' lang='lat' dir='ltr'>Cicero</span> <span class='ocrx_word' id='word_1_219' title='bbox 793 2675 855 2725; x_wconf 73' lang='lat' dir='ltr'><strong>MSS.</strong></span> <span class='ocrx_word' id='word_1_220' title='bbox 869 2675 959 2742; x_wconf 85' lang='lat' dir='ltr'>legitur</span> <span class='ocrx_word' id='word_1_221' title='bbox 970 2676 1070 2737; x_wconf 86' lang='lat' dir='ltr'>referre.</span> <span class='ocrx_word' id='word_1_222' title='bbox 1094 2673 1195 2738; x_wconf 79' lang='lat' dir='ltr'>Quintil.</span> <span class='ocrx_word' id='word_1_223' title='bbox 1210 2674 1290 2723; x_wconf 76' lang='lat' dir='ltr'>lnstit.</span> 
     </span>
     <span class='ocr_line' id='line_1_24' title="bbox 260 2760 1291 2826; baseline -0.001 -17"><span class='ocrx_word' id='word_1_224' title='bbox 260 2760 355 2810; x_wconf 83' lang='lat' dir='ltr'>Tusonl.</span> <span class='ocrx_word' id='word_1_225' title='bbox 372 2760 414 2824; x_wconf 90' lang='lat' dir='ltr'>lV,</span> <span class='ocrx_word' id='word_1_226' title='bbox 424 2762 465 2810; x_wconf 75' lang='grc'>35.</span> <span class='ocrx_word' id='word_1_227' title='bbox 483 2761 574 2808; x_wconf 79' lang='lat' dir='ltr'>Etiam</span> <span class='ocrx_word' id='word_1_228' title='bbox 589 2776 646 2808; x_wconf 84' lang='lat' dir='ltr'>esre</span> <span class='ocrx_word' id='word_1_229' title='bbox 658 2761 760 2824; x_wconf 76' lang='lat' dir='ltr'>quedam</span> <span class='ocrx_word' id='word_1_230' title='bbox 791 2762 834 2825; x_wconf 90' lang='lat' dir='ltr'>Vl,</span> <span class='ocrx_word' id='word_1_231' title='bbox 850 2764 875 2811; x_wconf 83' lang='lat'>5.</span> <span class='ocrx_word' id='word_1_232' title='bbox 892 2764 993 2811; x_wconf 77' lang='lat' dir='ltr'>Instare</span> <span class='ocrx_word' id='word_1_233' title='bbox 1002 2761 1207 2826; x_wconf 68' lang='lat' dir='ltr'>proficientibss,</span> <span class='ocrx_word' id='word_1_234' title='bbox 1223 2767 1250 2807; x_wconf 86' lang='lat' dir='ltr'>et</span> <span class='ocrx_word' id='word_1_235' title='bbox 1261 2760 1291 2808; x_wconf 79' lang='lat' dir='ltr'>at</span> 
     </span>
     <span class='ocr_line' id='line_1_25' title="bbox 259 2847 1291 2911; baseline -0.001 -17"><span class='ocrx_word' id='word_1_236' title='bbox 259 2862 342 2895; x_wconf 83' lang='lat' dir='ltr'>umere</span> <span class='ocrx_word' id='word_1_237' title='bbox 366 2854 472 2895; x_wconf 83' lang='lat' dir='ltr'>veterem</span> <span class='ocrx_word' id='word_1_238' title='bbox 496 2862 614 2909; x_wconf 84' lang='lat' dir='ltr'>emerem,</span> <span class='ocrx_word' id='word_1_239' title='bbox 637 2855 761 2910; x_wconf 75' lang='lat' dir='ltr'>tamquam</span> <span class='ocrx_word' id='word_1_240' title='bbox 792 2849 843 2911; x_wconf 79' lang='lat' dir='ltr'>iis,</span> <span class='ocrx_word' id='word_1_241' title='bbox 859 2863 919 2911; x_wconf 76' lang='lat' dir='ltr'>petus</span> <span class='ocrx_word' id='word_1_242' title='bbox 934 2864 982 2896; x_wconf 80' lang='lat' dir='ltr'>nen</span> <span class='ocrx_word' id='word_1_243' title='bbox 995 2848 1133 2909; x_wconf 78' lang='lat' dir='ltr'>adiuvaret,</span> <span class='ocrx_word' id='word_1_244' title='bbox 1149 2861 1221 2910; x_wconf 81' lang='lat' dir='ltr'>quarte</span> <span class='ocrx_word' id='word_1_245' title='bbox 1233 2847 1291 2894; x_wconf 83' lang='lat' dir='ltr'>mol·</span> 
     </span>
     <span class='ocr_line' id='line_1_26' title="bbox 259 2932 1291 2999; baseline -0.001 -18"><span class='ocrx_word' id='word_1_246' title='bbox 259 2934 327 2983; x_wconf 72' lang='lat' dir='ltr'>dors</span> <span class='ocrx_word' id='word_1_247' title='bbox 357 2935 467 2997; x_wconf 76' lang='lat' dir='ltr'>elevent,</span> <span class='ocrx_word' id='word_1_248' title='bbox 492 2933 640 2981; x_wconf 70' lang='lat' dir='ltr'>stiriensium</span> <span class='ocrx_word' id='word_1_249' title='bbox 656 2939 761 2997; x_wconf 79' lang='lat' dir='ltr'>petent.</span> <span class='ocrx_word' id='word_1_250' title='bbox 795 2934 986 2999; x_wconf 80' lang='lat' dir='ltr'>lisstmspedem</span> <span class='ocrx_word' id='word_1_251' title='bbox 994 2940 1088 2998; x_wconf 82' lang='lat' dir='ltr'>oportet</span> <span class='ocrx_word' id='word_1_252' title='bbox 1103 2932 1204 2993; x_wconf 82' lang='lat' dir='ltr'>referre.</span> <span class='ocrx_word' id='word_1_253' title='bbox 1220 2932 1291 2980; x_wconf 74' lang='lat' dir='ltr'>Eser.</span> 
     </span>
     <span class='ocr_line' id='line_1_27' title="bbox 260 3017 1292 3068; baseline -0.001 -2"><span class='ocrx_word' id='word_1_254' title='bbox 260 3017 421 3067; x_wconf 76' lang='lat' dir='ltr'>BENTLEIVS.</span> <span class='ocrx_word' id='word_1_255' title='bbox 508 3059 512 3066; x_wconf 79' lang='grc'><strong>,</strong></span> <span class='ocrx_word' id='word_1_256' title='bbox 794 3021 856 3068; x_wconf 89' lang='lat' dir='ltr'>citus</span> <span class='ocrx_word' id='word_1_257' title='bbox 873 3019 990 3068; x_wconf 78' lang='lat' dir='ltr'>Romanus</span> <span class='ocrx_word' id='word_1_258' title='bbox 1014 3018 1142 3068; x_wconf 85' lang='lat' dir='ltr'>devenerat</span> <span class='ocrx_word' id='word_1_259' title='bbox 1165 3018 1191 3067; x_wconf 91' lang='lat' dir='ltr'>in</span> <span class='ocrx_word' id='word_1_260' title='bbox 1212 3018 1292 3065; x_wconf 76' lang='lat' dir='ltr'>fureas</span> 
     </span>
     <span class='ocr_line' id='line_1_28' title="bbox 297 3102 1291 3171; baseline 0 -20"><span class='ocrx_word' id='word_1_261' title='bbox 297 3104 398 3152; x_wconf 75' lang='lat' dir='ltr'>Verium</span> <span class='ocrx_word' id='word_1_262' title='bbox 410 3104 479 3152; x_wconf 81' lang='lat' dir='ltr'>reris</span> <span class='ocrx_word' id='word_1_263' title='bbox 491 3102 553 3153; x_wconf 88' lang='lat' dir='ltr'>mibi</span> <span class='ocrx_word' id='word_1_264' title='bbox 565 3102 661 3152; x_wconf 79' lang='lat' dir='ltr'>facilius</span> <span class='ocrx_word' id='word_1_265' title='bbox 674 3111 700 3151; x_wconf 84' lang='lat' dir='ltr'>et</span> <span class='ocrx_word' id='word_1_266' title='bbox 709 3119 763 3169; x_wconf 88' lang='lat' dir='ltr'>pro·</span> <span class='ocrx_word' id='word_1_267' title='bbox 794 3103 922 3168; x_wconf 76' lang='lat' dir='ltr'>Caudinas,</span> <span class='ocrx_word' id='word_1_268' title='bbox 946 3104 1028 3171; x_wconf 82' lang='lat' dir='ltr'>ibique</span> <span class='ocrx_word' id='word_1_269' title='bbox 1042 3113 1091 3153; x_wconf 87' lang='lat' dir='ltr'>tam</span> <span class='ocrx_word' id='word_1_270' title='bbox 1106 3113 1172 3153; x_wconf 87' lang='lat' dir='ltr'>arete</span> <span class='ocrx_word' id='word_1_271' title='bbox 1188 3112 1240 3151; x_wconf 90' lang='lat' dir='ltr'>erat</span> <span class='ocrx_word' id='word_1_272' title='bbox 1254 3103 1291 3152; x_wconf 89' lang='lat' dir='ltr'>in-</span> 
     </span>
     <span class='ocr_line' id='line_1_29' title="bbox 259 3174 1306 3256; baseline -0.002 -18"><span class='ocrx_word' id='word_1_273' title='bbox 259 3189 373 3238; x_wconf 89' lang='lat' dir='ltr'>nuntiatu</span> <span class='ocrx_word' id='word_1_274' title='bbox 389 3190 484 3238; x_wconf 85' lang='lat' dir='ltr'>suarius</span> <span class='ocrx_word' id='word_1_275' title='bbox 498 3189 602 3239; x_wconf 83' lang='lat' dir='ltr'>ridetur.</span> <span class='ocrx_word' id='word_1_276' title='bbox 623 3187 672 3237; x_wconf 83' lang='lat' dir='ltr'>ilii</span> <span class='ocrx_word' id='word_1_277' title='bbox 688 3189 763 3237; x_wconf 72' lang='lat' dir='ltr'>inter</span> <span class='ocrx_word' id='word_1_278' title='bbox 795 3191 888 3254; x_wconf 85' lang='lat' dir='ltr'>elusus,</span> <span class='ocrx_word' id='word_1_279' title='bbox 902 3199 930 3238; x_wconf 89' lang='lat' dir='ltr'>ut</span> <span class='ocrx_word' id='word_1_280' title='bbox 943 3190 1027 3256; x_wconf 89' lang='lat' dir='ltr'>pedem</span> <span class='ocrx_word' id='word_1_281' title='bbox 1037 3206 1114 3255; x_wconf 88' lang='lat' dir='ltr'>neque</span> <span class='ocrx_word' id='word_1_282' title='bbox 1122 3188 1235 3253; x_wconf 78' lang='lat' dir='ltr'>proferre</span> <span class='ocrx_word' id='word_1_283' title='bbox 1250 3174 1306 3236; x_wconf 57' lang='lat' dir='ltr'>nef</span> 
     </span>
     <span class='ocr_line' id='line_1_30' title="bbox 259 3273 1291 3343; baseline 0 -22"><span class='ocrx_word' id='word_1_284' title='bbox 259 3283 341 3340; x_wconf 80' lang='lat' dir='ltr'>protes</span> <span class='ocrx_word' id='word_1_285' title='bbox 356 3273 484 3324; x_wconf 76' lang='lat' dir='ltr'>laudarunt</span> <span class='ocrx_word' id='word_1_286' title='bbox 504 3275 609 3324; x_wconf 77' lang='lat' dir='ltr'>ciceron.</span> <span class='ocrx_word' id='word_1_287' title='bbox 625 3273 655 3324; x_wconf 89' lang='lat' dir='ltr'>ds</span> <span class='ocrx_word' id='word_1_288' title='bbox 671 3276 761 3341; x_wconf 91' lang='lat' dir='ltr'>optimo</span> <span class='ocrx_word' id='word_1_289' title='bbox 793 3293 839 3343; x_wconf 88' lang='lat' dir='ltr'>qne</span> <span class='ocrx_word' id='word_1_290' title='bbox 860 3276 952 3337; x_wconf 63' lang='lat' dir='ltr'>efferre</span> <span class='ocrx_word' id='word_1_291' title='bbox 976 3286 1062 3343; x_wconf 88' lang='lat' dir='ltr'>posset.</span> <span class='ocrx_word' id='word_1_292' title='bbox 1084 3278 1160 3325; x_wconf 78' lang='lat' dir='ltr'>Minus</span> <span class='ocrx_word' id='word_1_293' title='bbox 1181 3275 1291 3324; x_wconf 77' lang='lat' dir='ltr'>latinum</span> 
     </span>
     <span class='ocr_line' id='line_1_31' title="bbox 259 3360 1291 3428; baseline -0.003 -20"><span class='ocrx_word' id='word_1_294' title='bbox 259 3360 417 3426; x_wconf 81' lang='lat' dir='ltr'>generellret.</span> <span class='ocrx_word' id='word_1_295' title='bbox 431 3362 457 3411; x_wconf 74' lang='grc' dir='ltr'>ὅ.</span> <span class='ocrx_word' id='word_1_296' title='bbox 474 3361 526 3409; x_wconf 87' lang='lat' dir='ltr'>Nee</span> <span class='ocrx_word' id='word_1_297' title='bbox 541 3361 667 3428; x_wconf 72' lang='lat' dir='ltr'>omesrti,</span> <span class='ocrx_word' id='word_1_298' title='bbox 676 3369 706 3409; x_wconf 81' lang='lat' dir='ltr'>ut</span> <span class='ocrx_word' id='word_1_299' title='bbox 720 3362 761 3409; x_wconf 81' lang='lat' dir='ltr'>irs-</span> <span class='ocrx_word' id='word_1_300' title='bbox 793 3371 841 3410; x_wconf 86' lang='lat' dir='ltr'>est:</span> <span class='ocrx_word' id='word_1_301' title='bbox 856 3364 969 3411; x_wconf 82' lang='lat' dir='ltr'>exsureis</span> <span class='ocrx_word' id='word_1_302' title='bbox 976 3362 1064 3427; x_wconf 79' lang='lat' dir='ltr'>pedem</span> <span class='ocrx_word' id='word_1_303' title='bbox 1073 3361 1238 3426; x_wconf 75' lang='lat' dir='ltr'>pray&#39;srrsnou</span> <span class='ocrx_word' id='word_1_304' title='bbox 1249 3373 1291 3422; x_wconf 89' lang='lat' dir='ltr'>po-</span> 
     </span>
     <span class='ocr_line' id='line_1_32' title="bbox 261 3443 1290 3512; baseline -0.004 -18"><span class='ocrx_word' id='word_1_305' title='bbox 261 3454 371 3510; x_wconf 75' lang='lat' dir='ltr'>terpres,</span> <span class='ocrx_word' id='word_1_306' title='bbox 393 3447 437 3495; x_wconf 83' lang='lat' dir='ltr'>sed</span> <span class='ocrx_word' id='word_1_307' title='bbox 455 3455 486 3495; x_wconf 82' lang='lat' dir='ltr'>set</span> <span class='ocrx_word' id='word_1_308' title='bbox 507 3454 602 3509; x_wconf 69' lang='lat' dir='ltr'>meter,</span> <span class='ocrx_word' id='word_1_309' title='bbox 623 3449 761 3496; x_wconf 79' lang='lat' dir='ltr'>sententiis</span> <span class='ocrx_word' id='word_1_310' title='bbox 793 3457 863 3497; x_wconf 81' lang='lat' dir='ltr'>teret.</span> <span class='ocrx_word' id='word_1_311' title='bbox 889 3447 974 3497; x_wconf 86' lang='lat' dir='ltr'>Pedem</span> <span class='ocrx_word' id='word_1_312' title='bbox 982 3447 1094 3512; x_wconf 70' lang='lat' dir='ltr'>proferre</span> <span class='ocrx_word' id='word_1_313' title='bbox 1110 3454 1145 3493; x_wconf 89' lang='lat' dir='ltr'>est</span> <span class='ocrx_word' id='word_1_314' title='bbox 1155 3443 1290 3509; x_wconf 77' lang='lat' dir='ltr'>progredi,</span> 
     </span>
     <span class='ocr_line' id='line_1_33' title="bbox 259 3527 1291 3598; baseline -0.004 -19"><span class='ocrx_word' id='word_1_315' title='bbox 259 3531 352 3579; x_wconf 77' lang='lat' dir='ltr'>iisdem</span> <span class='ocrx_word' id='word_1_316' title='bbox 370 3532 612 3595; x_wconf 62' lang='lat' dir='ltr'>oscarensem,</span> <span class='ocrx_word' id='word_1_317' title='bbox 637 3539 762 3595; x_wconf 81' lang='lat' dir='ltr'>tamquam</span> <span class='ocrx_word' id='word_1_318' title='bbox 792 3533 885 3593; x_wconf 85' lang='lat' dir='ltr'>referre</span> <span class='ocrx_word' id='word_1_319' title='bbox 893 3543 929 3582; x_wconf 86' lang='lat' dir='ltr'>est</span> <span class='ocrx_word' id='word_1_320' title='bbox 939 3534 1045 3598; x_wconf 79' lang='lat' dir='ltr'>regredi.</span> <span class='ocrx_word' id='word_1_321' title='bbox 1062 3527 1291 3596; x_wconf 74' lang='lat' dir='ltr'>itqueilludembi-</span> 
     </span>
     <span class='ocr_line' id='line_1_34' title="bbox 254 3612 1290 3685; baseline -0.003 -19"><span class='ocrx_word' id='word_1_322' title='bbox 254 3619 367 3684; x_wconf 80' lang='lat' dir='ltr'>figeris,</span> <span class='ocrx_word' id='word_1_323' title='bbox 386 3619 468 3667; x_wconf 82' lang='lat' dir='ltr'>verbis</span> <span class='ocrx_word' id='word_1_324' title='bbox 485 3619 519 3667; x_wconf 85' lang='lat' dir='ltr'>ad</span> <span class='ocrx_word' id='word_1_325' title='bbox 534 3627 646 3667; x_wconf 78' lang='lat' dir='ltr'>nostrone</span> <span class='ocrx_word' id='word_1_326' title='bbox 661 3634 759 3667; x_wconf 70' lang='lat' dir='ltr'>sonm-</span> <span class='ocrx_word' id='word_1_327' title='bbox 790 3635 864 3685; x_wconf 87' lang='lat' dir='ltr'>gnum</span> <span class='ocrx_word' id='word_1_328' title='bbox 883 3618 1025 3667; x_wconf 77' lang='lat' dir='ltr'>scholiastes</span> <span class='ocrx_word' id='word_1_329' title='bbox 1042 3618 1069 3666; x_wconf 90' lang='lat' dir='ltr'>iu</span> <span class='ocrx_word' id='word_1_330' title='bbox 1090 3630 1191 3668; x_wconf 82' lang='lat' dir='ltr'>errorem</span> <span class='ocrx_word' id='word_1_331' title='bbox 1211 3612 1290 3663; x_wconf 84' lang='lat' dir='ltr'>duxit.</span> 
     </span>
     <span class='ocr_line' id='line_1_35' title="bbox 263 3698 1292 3769; baseline -0.002 -17"><span class='ocrx_word' id='word_1_332' title='bbox 263 3704 376 3752; x_wconf 81' lang='lat' dir='ltr'>tudinem</span> <span class='ocrx_word' id='word_1_333' title='bbox 385 3706 463 3769; x_wconf 80' lang='lat' dir='ltr'>aptis.</span> <span class='ocrx_word' id='word_1_334' title='bbox 482 3703 541 3752; x_wconf 80' lang='lat' dir='ltr'>Non</span> <span class='ocrx_word' id='word_1_335' title='bbox 551 3705 648 3752; x_wconf 61' lang='lat' dir='ltr'>rulers</span> <span class='ocrx_word' id='word_1_336' title='bbox 653 3720 701 3768; x_wconf 87' lang='lat' dir='ltr'>pro</span> <span class='ocrx_word' id='word_1_337' title='bbox 711 3720 764 3752; x_wconf 83' lang='lat' dir='ltr'>ver·</span> <span class='ocrx_word' id='word_1_338' title='bbox 794 3705 882 3754; x_wconf 78' lang='lat' dir='ltr'>ieron:</span> <span class='ocrx_word' id='word_1_339' title='bbox 910 3705 983 3752; x_wconf 81' lang='lat' dir='ltr'>»Noli</span> <span class='ocrx_word' id='word_1_340' title='bbox 999 3700 1098 3768; x_wconf 78' lang='lat' dir='ltr'>aggredi</span> <span class='ocrx_word' id='word_1_341' title='bbox 1113 3699 1190 3748; x_wconf 82' lang='lat' dir='ltr'>losum</span> <span class='ocrx_word' id='word_1_342' title='bbox 1206 3698 1292 3750; x_wconf 83' lang='lat' dir='ltr'>diffiei-</span> 
     </span>
     <span class='ocr_line' id='line_1_36' title="bbox 261 3787 1290 3854; baseline -0.001 -17"><span class='ocrx_word' id='word_1_343' title='bbox 261 3791 290 3838; x_wconf 78' lang='lat' dir='ltr'>bs</span> <span class='ocrx_word' id='word_1_344' title='bbox 314 3805 409 3839; x_wconf 81' lang='lat' dir='ltr'>neeesse</span> <span class='ocrx_word' id='word_1_345' title='bbox 426 3791 502 3838; x_wconf 75' lang='lat' dir='ltr'>bobus·</span> <span class='ocrx_word' id='word_1_346' title='bbox 521 3790 628 3838; x_wconf 81' lang='lat' dir='ltr'>reddere,</span> <span class='ocrx_word' id='word_1_347' title='bbox 654 3791 682 3837; x_wconf 87' lang='lat' dir='ltr'>Et</span> <span class='ocrx_word' id='word_1_348' title='bbox 697 3789 763 3839; x_wconf 83' lang='lat' dir='ltr'>liuli-</span> <span class='ocrx_word' id='word_1_349' title='bbox 794 3790 855 3854; x_wconf 85' lang='lat' dir='ltr'>lem,</span> <span class='ocrx_word' id='word_1_350' title='bbox 871 3790 935 3840; x_wconf 86' lang='lat' dir='ltr'>unde</span> <span class='ocrx_word' id='word_1_351' title='bbox 952 3799 976 3837; x_wconf 86' lang='lat' dir='ltr'>te</span> <span class='ocrx_word' id='word_1_352' title='bbox 990 3787 1108 3853; x_wconf 81' lang='lat' dir='ltr'>explicare</span> <span class='ocrx_word' id='word_1_353' title='bbox 1123 3803 1170 3834; x_wconf 90' lang='lat' dir='ltr'>non</span> <span class='ocrx_word' id='word_1_354' title='bbox 1187 3788 1290 3851; x_wconf 82' lang='lat' dir='ltr'>poteris,</span> 
     </span>
     <span class='ocr_line' id='line_1_37' title="bbox 262 3872 1291 3938; baseline -0.004 -14"><span class='ocrx_word' id='word_1_355' title='bbox 262 3876 359 3924; x_wconf 81' lang='lat' dir='ltr'>nienum</span> <span class='ocrx_word' id='word_1_356' title='bbox 375 3875 404 3924; x_wconf 90' lang='lat' dir='ltr'>de</span> <span class='ocrx_word' id='word_1_357' title='bbox 418 3875 536 3925; x_wconf 81' lang='lat' dir='ltr'>Schemat.</span> <span class='ocrx_word' id='word_1_358' title='bbox 550 3876 696 3924; x_wconf 80' lang='lat' dir='ltr'>Antithesis</span> <span class='ocrx_word' id='word_1_359' title='bbox 708 3884 765 3938; x_wconf 83' lang='lat' dir='ltr'>est,</span> <span class='ocrx_word' id='word_1_360' title='bbox 797 3892 841 3925; x_wconf 86' lang='lat' dir='ltr'>neo</span> <span class='ocrx_word' id='word_1_361' title='bbox 866 3886 890 3925; x_wconf 90' lang='lat' dir='ltr'>te</span> <span class='ocrx_word' id='word_1_362' title='bbox 914 3875 1047 3924; x_wconf 85' lang='lat' dir='ltr'>imitatione</span> <span class='ocrx_word' id='word_1_363' title='bbox 1068 3875 1116 3921; x_wconf 85' lang='lat' dir='ltr'>sive</span> <span class='ocrx_word' id='word_1_364' title='bbox 1132 3872 1291 3921; x_wconf 79' lang='lat' dir='ltr'>aemulatione</span> 
     </span>
     <span class='ocr_line' id='line_1_38' title="bbox 262 3958 1291 4028; baseline 0.001 -22"><span class='ocrx_word' id='word_1_365' title='bbox 262 3975 317 4007; x_wconf 77' lang='lat' dir='ltr'>cern</span> <span class='ocrx_word' id='word_1_366' title='bbox 337 3962 434 4010; x_wconf 79' lang='lat' dir='ltr'>esrbssu</span> <span class='ocrx_word' id='word_1_367' title='bbox 465 3962 535 4009; x_wconf 83' lang='lat' dir='ltr'>verbo</span> <span class='ocrx_word' id='word_1_368' title='bbox 553 3962 617 4025; x_wconf 79' lang='lat' dir='ltr'>pari</span> <span class='ocrx_word' id='word_1_369' title='bbox 635 3968 763 4026; x_wconf 84' lang='lat' dir='ltr'>potestate</span> <span class='ocrx_word' id='word_1_370' title='bbox 794 3960 940 4028; x_wconf 84' lang='lat' dir='ltr'>obstringas,</span> <span class='ocrx_word' id='word_1_371' title='bbox 956 3969 984 4008; x_wconf 90' lang='lat' dir='ltr'>ut</span> <span class='ocrx_word' id='word_1_372' title='bbox 992 3958 1167 4023; x_wconf 82' lang='lat' dir='ltr'>proeedsrerel</span> <span class='ocrx_word' id='word_1_373' title='bbox 1171 3959 1291 4024; x_wconf 77' lang='lat' dir='ltr'>progredi</span> 
     </span>
     <span class='ocr_line' id='line_1_39' title="bbox 257 4044 1288 4112; baseline -0.002 -19"><span class='ocrx_word' id='word_1_374' title='bbox 257 4059 307 4110; x_wconf 83' lang='lat' dir='ltr'>per</span> <span class='ocrx_word' id='word_1_375' title='bbox 329 4048 481 4095; x_wconf 76' lang='lat' dir='ltr'>centrarium</span> <span class='ocrx_word' id='word_1_376' title='bbox 498 4048 619 4095; x_wconf 82' lang='lat' dir='ltr'>redditur.</span> <span class='ocrx_word' id='word_1_377' title='bbox 645 4045 709 4095; x_wconf 80' lang='lat' dir='ltr'>ridde</span> <span class='ocrx_word' id='word_1_378' title='bbox 726 4046 762 4094; x_wconf 81' lang='lat' dir='ltr'>cr·-</span> <span class='ocrx_word' id='word_1_379' title='bbox 795 4048 895 4112; x_wconf 74' lang='lat' dir='ltr'>loegr&#39;us</span> <span class='ocrx_word' id='word_1_380' title='bbox 907 4044 1060 4109; x_wconf 87' lang='lat' dir='ltr'>erubescas,”</span> <span class='ocrx_word' id='word_1_381' title='bbox 1074 4055 1099 4093; x_wconf 85' lang='lat' dir='ltr'>et</span> <span class='ocrx_word' id='word_1_382' title='bbox 1106 4045 1288 4093; x_wconf 76' lang='lat' dir='ltr'>commentator:</span> 
     </span>
     <span class='ocr_line' id='line_1_40' title="bbox 264 4129 1289 4197; baseline 0 -21"><span class='ocrx_word' id='word_1_383' title='bbox 264 4145 341 4178; x_wconf 78' lang='lat' dir='ltr'>seron.</span> <span class='ocrx_word' id='word_1_384' title='bbox 364 4129 394 4179; x_wconf 83' lang='lat' dir='ltr'>de</span> <span class='ocrx_word' id='word_1_385' title='bbox 414 4131 491 4181; x_wconf 71' lang='lat' dir='ltr'>finib.</span> <span class='ocrx_word' id='word_1_386' title='bbox 506 4132 552 4194; x_wconf 86' lang='lat'>111,</span> <span class='ocrx_word' id='word_1_387' title='bbox 565 4134 589 4180; x_wconf 92' lang='grc'>4.</span> <span class='ocrx_word' id='word_1_388' title='bbox 612 4131 665 4180; x_wconf 88' lang='lat' dir='ltr'>Nee</span> <span class='ocrx_word' id='word_1_389' title='bbox 683 4138 765 4182; x_wconf 80' lang='lat' dir='ltr'>tamen</span> <span class='ocrx_word' id='word_1_390' title='bbox 798 4130 884 4181; x_wconf 83' lang='lat' dir='ltr'>»unde</span> <span class='ocrx_word' id='word_1_391' title='bbox 909 4142 932 4179; x_wconf 88' lang='lat' dir='ltr'>te</span> <span class='ocrx_word' id='word_1_392' title='bbox 949 4131 1068 4197; x_wconf 80' lang='lat' dir='ltr'>explicare</span> <span class='ocrx_word' id='word_1_393' title='bbox 1089 4147 1136 4179; x_wconf 89' lang='lat' dir='ltr'>nou</span> <span class='ocrx_word' id='word_1_394' title='bbox 1151 4130 1225 4195; x_wconf 82' lang='lat' dir='ltr'>possis</span> <span class='ocrx_word' id='word_1_395' title='bbox 1238 4129 1289 4177; x_wconf 87' lang='lat' dir='ltr'>sins</span> 
     </span>
    </p>
   </div>
   <div class='ocr_carea' id='block_1_4' title="bbox 0 0 1516 5000">
    <p class='ocr_par' dir='ltr' id='par_1_4' title="bbox 0 0 1516 5000">
     <span class='ocr_line' id='line_1_41' title="bbox 0 0 1516 5000; baseline 0 0"><span class='ocrx_word' id='word_1_396' title='bbox 0 0 1516 5000; x_wconf 95' lang='lat' dir='ltr'> </span> 
     </span>
    </p>
   </div>
  </div>
 </body>
</html>
