3009 5000
301 461 359 523 166
560 463 771 524 flouttll
802 462 1048 524 utlstoth

325 664 434 754 Quem
457 686 538 734 vero
557 665 718 760 arripuit,
742 672 834 736 tenet
856 644 1044 758 occiditque
1069 663 1229 758 legendo,

245 799 249 807 ’
324 783 399 854 Non
422 783 563 853 missura
588 792 720 873 cutem,
744 783 808 852 nisi
832 781 932 876 plena
953 783 1100 873 cruoris,
1123 781 1258 854 hirudo.

327 1028 404 1086 Quem
418 1042 474 1075 vero
489 1029 618 1092 arrepsit,
642 1034 710 1076 tesaet
733 1028 794 1074 ocss‘·
827 1026 903 1084 Qum
931 1040 986 1074 vero
1017 1028 1145 1092 empsit,
1180 1034 1248 1075 tenet
1277 1042 1319 1077 em

295 1113 381 1176 detque
388 1112 501 1178 legendo,
515 1113 572 1161 Non
583 1115 793 1175 missenumtem,
826 1112 943 1177 regitque
955 1112 1067 1177 legendo,
1086 1113 1144 1161 Non
1155 1114 1264 1161 massera
1277 1129 1319 1162 cu-

296 1200 351 1247 m'ss'
359 1199 436 1262 plena
448 1201 557 1261 moria,
570 1199 666 1247 hiando.
687 1197 797 1264 Aliquem
829 1204 878 1245 tem
892 1198 947 1245 esici
954 1198 1030 1261 plenu
1052 1199 1149 1246 cruoris
1164 1199 1260 1248 hirudo.
1280 1198 1320 1248 sic

294 1282 396 1349 legendo
420 1284 528 1332 occidere
560 1293 596 1332 est
619 1293 676 1332 nota
696 1281 792 1332 dicendi
823 1281 961 1348 metaphora
976 1292 1001 1330 et
1016 1292 1071 1349 apte
1086 1293 1111 1332 et
1122 1282 1223 1332 rotunde
1235 1283 1320 1333 cohae-

296 1368 399 1417 formula
415 1367 445 1416 de
460 1370 504 1431 iis,
528 1369 571 1433 qui
586 1367 660 1417 alicui
675 1369 744 1417 triste
766 1384 794 1416 ae
826 1376 872 1416 ret.
887 1366 1005 1418 Theocrit.
1018 1367 1105 1435 Eidyll.
1119 1368 1156 1432 11,
1171 1370 1213 1419 55.
1231 1368 1272 1420 At
1289 1366 1321 1419 αἲ

296 1455 349 1502 iere
363 1453 436 1502 letale
453 1451 576 1502 fastidium
589 1453 699 1519 pariunt:
712 1453 811 1514 Gracci,
826 1450 912 1519 Ἔρως
933 1449 1036 1519 decept,
1058 1454 1087 1502 τί
1107 1472 1160 1514 μευ
1182 1454 1267 1515 μέλαν
1291 1456 1320 1505 ἐκ

295 1542 329 1588 sic
337 1548 454 1604 usurpant
462 1538 792 1598 docuerimdrcnltous,
826 1539 905 1604 χροὸς
922 1529 990 1599 αἷμα
1005 1535 1130 1599 Ἐμφύς,
1147 1537 1181 1598 ὡς
1201 1540 1322 1601 haedere

295 1623 468 1683 deonacum,
494 1624 661 1688 ἀποπνίγειν.
687 1623 794 1673 Illustra-
826 1625 899 1674 ἅπαν
925 1624 953 1674 ἐκ
977 1623 1087 1686 βδέλλα
1109 1626 1233 1685 πέπωκας
1240 1644 1253 1685 ,·
1277 1626 1322 1678 ubi

294 1721 381 1759 verunt
394 1708 510 1776 exemplis
520 1711 567 1760 viri
580 1708 645 1759 docti
657 1709 687 1758 ad
702 1694 800 1759 lloratii
824 1694 954 1759 Scholiasta
973 1710 1056 1771 ἐμφὺς
1079 1713 1251 1778 interpretatur
1271 1730 1322 1762 κα-

294 1795 368 1863 Epod.
384 1795 443 1845 m.
460 1796 572 1845 Valcken.
591 1794 622 1845 ad
642 1795 795 1862 Euripllip
826 1794 943 1861 τασχῶν.
977 1795 1075 1845 Plautus
1096 1797 1192 1848 Poenul.
1221 1799 1272 1862 111,
1287 1813 1320 1865 11,

295 1882 346 1948 pol.
362 1899 388 1947 p.
404 1883 468 1945 278,
489 1891 514 1930 et
532 1880 635 1930 Pierson.
652 1881 683 1930 ad
697 1879 795 1929 ldoerid.
828 1882 869 1931 ³7.
890 1882 945 1930 Iam
962 1897 1025 1930 nunc
1054 1897 1097 1947 ege
1117 1884 1162 1930 itti
1183 1885 1323 1950 egredienti

295 1969 432 2017 Atticistam
451 1984 508 2034 pag.
529 1969 570 2018 7³.
603 1969 632 2015 Et
652 1978 731 2016 tamen
748 1983 796 2014 non
828 1968 974 2031 sanguinea
986 1982 1103 2033 mergam
1113 1971 1208 2033 procul.
1226 1969 1322 2036 Epidico

296 2038 367 2104 credo
380 2053 502 2102 lloratium
514 2052 555 2102 bic
567 2053 686 2118 scripsisse
702 2051 794 2099 occidit
825 2052 865 2114 11,
878 2064 911 2114 11,
927 2052 952 2101 4.
964 2053 1017 2100 iarn
1032 2068 1076 2118 ego
1090 2069 1129 2102 me
1140 2062 1280 2104 convertam
1292 2056 1322 2105 ies

295 2139 404 2204 legendo.
418 2138 477 2186 Tota
489 2136 627 2204 metaphora
639 2136 670 2185 ab
683 2135 795 2186 hirudine
826 2137 980 2201 diademato,
1002 2138 1083 2202 Atque
1103 2155 1185 2189 eorum
1205 2143 1324 2207 esmgebc

296 2234 332 2273 est
348 2222 464 2273 desumta.
480 2224 557 2287 Quum
572 2221 667 2272 dixerat
681 2223 796 2287 arripuit
827 2224 981 2289 sanguinent.
996 2224 1039 2271 Pro
1048 2226 1173 2290 arrepsit,
1188 2225 1216 2275 in
1230 2224 1324 2278 duobus

295 2320 321 2360 et
329 2317 411 2374 tenet,
425 2311 571 2376 iamcogitat
578 2309 727 2358 hirudinem
736 2308 795 2357 Nam
827 2307 891 2375 apud
905 2309 975 2357 Feam
991 2308 1115 2360 codicibus
1133 2312 1257 2377 arripiet:
1280 2329 1324 2380 pro

295 2396 355 2446 hacc
368 2397 464 2463 propria
476 2404 531 2444 sunt
546 2405 645 2445 naturae
658 2394 798 2444 animalculi
810 2417 814 2425 ·
829 2394 977 2459 occiditque,
986 2396 1012 2444 in
1021 2393 1124 2445 editione
1131 2396 1220 2448 Veneta
1227 2416 1250 2448 a.
1259 2400 1323 2451 1478

295 2480 420 2532 voeabula.
445 2481 473 2530 ln
490 2481 538 2530 fine
556 2482 632 2546 ipsam
653 2481 796 2529 hiseeds'ncm
827 2480 971 2545 accidatque.
989 2478 1166 2549 Oudendorpius
1180 2484 1207 2535 in
1221 2484 1268 2536 tis,
1286 2486 1323 2536 in·

296 2570 410 2617 nominat.
427 2564 473 2615 Sed
488 2565 577 2614 timeo
593 2566 713 2614 neminem
734 2566 795 2614 occi·
825 2566 893 2614 venit
910 2564 986 2624 Quem
1001 2570 1077 2615 smel
1096 2571 1227 2635 emptast,-
1251 2569 1323 2638 idque

295 2654 345 2701 dit.
361 2652 439 2717 lgitur
453 2647 517 2700 illud
528 2650 620 2698 occidit
632 2648 794 2716 metaphoram
825 2648 949 2716 probabat.
966 2649 1031 2700 Idem
1040 2668 1084 2719 ego
1096 2656 1258 2706 iamnotatum
1271 2672 1320 2706 esse

296 2735 365 2787 mmo
378 2737 472 2804 ingrato
488 2734 617 2802 abrumpit.
636 2736 729 2800 Quanto
746 2752 796 2784 me·
826 2733 897 2784 video
918 2753 949 2786 ex
972 2736 1018 2786 MS.
1042 2739 1068 2786 in
1086 2742 1191 2805 margine
1213 2740 1323 2792 editionis

295 2824 345 2875 lius
360 2839 404 2890 pro
416 2822 524 2872 oculoru
530 2820 648 2871 scribetur
660 2821 798 2871 Exstbl'l'?
830 2820 937 2871 Aldinae.

720 2997 914 3012 w

331 3122 452 3172 Absolutis
464 3122 503 3171 his
514 3118 724 3182 mactationibus,
737 3117 797 3185 quid
828 3136 893 3184 eam,
903 3124 985 3187 inepte
995 3125 1133 3189 garrientis,
1146 3143 1217 3193 quam
1227 3138 1323 3195 poetae,

300 3210 402 3258 seutiam
414 3207 444 3258 de
457 3206 539 3257 ordine
546 3222 655 3256 versuum
662 3242 670 3270 ,
680 3221 728 3272 quc
735 3204 797 3254 banc
828 3215 928 3268 natura,
939 3205 1032 3272 studio,
1045 3226 1090 3259 usn
1099 3221 1124 3260 et
1135 3215 1250 3281 exemplis
1256 3215 1327 3265 (trae.

301 3291 332 3343 ad
347 3293 441 3342 Pisones
453 3292 581 3359 Epistulam
599 3293 731 3358 accepimus
746 3289 794 3339 dis·
825 3306 906 3340 corum
913 3292 1011 3342 formati
1018 3309 1047 3344 ac
1056 3312 1131 3362 paene
1140 3301 1251 3364 perlecti.
1266 3301 1327 3350 Ion·

235 3448 239 3455 1
301 3380 416 3445 positam,
443 3377 582 3441 declarabo,
603 3376 689 3427 deiude
711 3379 737 3426 in
759 3393 801 3425 nc·
832 3385 1328 3453 gamostenarrarc,quantuminterpretes

301 3482 358 3514 rum
374 3463 480 3514 ordinem
495 3463 604 3530 dirigam.
616 3463 669 3526 Sic,
685 3465 724 3514 nti
735 3479 799 3512 nuuc
831 3460 981 3528 sudaverint,
1004 3482 1074 3532 quem
1091 3467 1195 3536 lapidem
1215 3489 1263 3521 non
1278 3488 1328 3522 mu·

300 3552 404 3618 legitur,
420 3549 451 3598 ab
465 3549 562 3598 lloratio
575 3547 666 3614 digeri,
680 3564 733 3597 meo
745 3548 799 3615 qui·
829 3549 922 3613 verint,
931 3559 960 3598 ut
972 3560 1052 3602 tamen
1065 3552 1211 3619 probabilem
1220 3556 1326 3622 aliquam

302 3636 357 3686 dem
372 3634 474 3697 iudicio,
490 3650 538 3684 non
551 3636 638 3699 potnit.
656 3634 714 3683 llam
730 3650 798 3698 prae·
830 3635 1005 3703 speciosamque
1035 3648 1213 3704 praeceptorum
1241 3643 1327 3691 seriem

302 3732 373 3791 cepta
387 3719 510 3771 Pisonibus
522 3717 624 3783 tradita,
641 3721 692 3784 ipsa
704 3716 800 3785 quidem
832 3729 858 3767 et
874 3736 947 3770 nuum
964 3723 990 3771 in
1007 3732 1056 3771 tcto
1066 3722 1151 3773 llbello
1162 3734 1227 3775 recte
1240 3726 1327 3779 descri-

302 3809 353 3859 sola
376 3824 420 3874 per
444 3823 469 3856 se
496 3804 591 3872 singula
614 3813 670 3853 sunt
693 3812 751 3869 apta
775 3813 801 3852 et
832 3815 901 3870 ptum
916 3807 1266 3875 consilinmdeprehenderent.
1281 3812 1327 3864 Sed

303 3910 423 3958 connexe,
443 3891 486 3943 sed
506 3893 615 3941 universa
632 3887 691 3938 adeo
706 3899 801 3955 pertur-
832 3891 920 3958 quibus
940 3909 968 3942 ee
991 3910 1029 3944 res
1048 3897 1136 3962 optime
1154 3901 1280 3963 successit,
1301 3898 1328 3950 bi

303 3979 372 4043 bata,
389 3990 419 4029 ut
430 3978 525 4029 nullum
540 3978 591 4026 scre
608 3977 671 4025 inter
686 3992 714 4024 ea
729 3993 802 4042 appa·
834 3986 924 4028 tantam
942 3978 1067 4029 verborum
1082 3984 1174 4049 copiam
1189 3984 1269 4036 verbis
1282 3985 1328 4034 llo·

210 4123 214 4130 .
304 4076 356 4113 reat
375 4065 511 4128 duculum,
536 4074 561 4112 et
582 4064 657 4111 oratic
677 4063 751 4127 magis
765 4064 800 4112 ri-
832 4065 888 4113 ratii
904 4063 989 4114 addere
1005 4070 1081 4117 coacti
1095 4080 1165 4134 sunt,
1186 4081 1229 4133 ut,
1245 4073 1329 4136 siopi·

304 4148 388 4198 dentur
404 4151 518 4212 hominis,
534 4166 564 4197 ne
581 4146 639 4215 quid
655 4150 749 4212 gravius
765 4147 800 4198 di·
832 4152 914 4198 triones
931 4161 1006 4199 metro
1022 4153 1188 4220 inclusissent,
1211 4160 1258 4205 iam
1274 4157 1328 4223 Epi·
