3009 5000
288 458 346 521 192
547 458 1034 521 uoRsT11EslsTOLu

290 660 336 731 At
360 662 465 731 nostri
489 661 605 754 proavi
629 659 803 743 Plautinos
827 667 861 729 et
884 682 1043 731 numeros
1068 668 1101 731 et
1218 669 1301 733 270.

292 778 484 849 Laudavere
504 778 605 865 salem
629 779 771 848 mnrium
796 778 960 872 patienter
980 786 1184 872 utrumque,
1217 787 1298 851 271.

231 940 235 949 ·
291 897 340 968 Ne
360 897 469 967 dicam
491 897 614 987 stulte,
640 896 768 982 mirati3
794 896 820 965 si
843 896 944 966 modo
968 920 1031 991 ego
1052 907 1087 968 et
1109 921 1169 970 ros
1219 908 1300 970 272.

289 1015 422 1086 Scimus
445 1014 651 1085 inurbanum
677 1012 788 1108 lepido
813 1035 973 1109 seponere
996 1014 1108 1106 dicto,
1218 1023 1299 1088 278.

288 1132 556 1228 legitimumque
578 1156 699 1203 sonum
719 1131 832 1226 digitis
856 1132 1019 1203 callemus
1039 1143 1073 1205 et
1093 1159 1185 1207 aure.
1216 1143 1297 1209 274.

768 1329 829 1400 IV.

288 1456 445 1563 Ignotum
469 1469 615 1561 tragicae
635 1490 742 1560 genus
763 1469 925 1540 invenisse
946 1468 1107 1541 Camenae
1214 1480 1260 1542 27
1264 1484 1296 1543 5.

286 1588 436 1678 Dicitur,
460 1595 494 1658 et
512 1586 671 1681 plaustris
690 1587 816 1656 vexisse
838 1588 993 1682 po'e‘mata
1017 1588 1176 1683 Thespia,
1216 1599 1297 1663 276.

286 1705 380 1795 Quae
401 1713 557 1776 canerent
574 1712 779 1799 agerentque
794 1708 950 1799 peruncti
962 1706 1111 1778 faecibus
1127 1731 1196 1779 ora.
1215 1716 1297 1780 277.

278 1825 366 1895 Post
385 1824 478 1895 huuc
493 1846 654 1919 personae
674 1823 852 1919 pallaeque
868 1833 1020 1919 repertor
1038 1824 1197 1898 honestae
1215 1835 1296 1897 278.

288 1941 495 2037 Aeschylu3‚
520 1949 554 2012 et
578 1941 716 2011 modicis
740 1943 893 2011 instravit
917 1942 1052 2039 pulpita
1072 1944 1189 2038 tignis,
1216 1953 1297 2018 279.

286 2061 327 2131 Et
342 2060 458 2131 docuit
480 2082 707 2152 magnumque
729 2058 824 2152 loqui
849 2060 978 2152 nitique
1001 2061 1180 2135 cothurno.
1214 2056 1296 2136 280.

275 2179 454 2250 ‘Successit
474 2185 570 2248 vetus
594 2176 647 2246 his
666 2175 861 2267 Comoedia,
886 2202 956 2248 non
977 2178 1047 2249 sine
1068 2179 1176 2250 multa
1215 2191 1295 2251 esi.

286 2296 419 2388 Laude,
444 2296 502 2368 sed
527 2296 562 2365 in
586 2295 705 2365 vitium
729 2293 865 2365 libertas
887 2296 1011 2366 excidit
1033 2308 1068 2367 et
1089 2299 1157 2368 vim
1216 2311 1296 2371 282.

286 2416 429 2510 Dignam
449 2415 522 2508 lege
547 2414 632 2507 regi:
653 2412 707 2483 lex
728 2421 780 2483 est
800 2423 955 2509 accepta,
979 2415 1171 2512 chorusque
1216 2428 1297 2489 283.

276 2681 426 2748 Quintiliani.
444 2682 521 2729 Bonus
538 2688 609 2744 poeta
629 2678 699 2725 metri
720 2676 774 2742 lege
840 2679 1181 2747 Scimusinurtonomlaps'do
1192 2698 1304 2747 seponere

275 2784 323 2817 non
335 2769 436 2833 cogitur,
450 2766 560 2814 Horatius
569 2780 662 2812 versum
669 2765 704 2811 ita
713 2779 774 2811 com·
806 2763 881 2814 dicto.
906 2764 933 2812 ln
949 2775 1030 2818 vetere
1051 2766 1155 2820 editione
1172 2785 1243 2818 mann
1258 2770 1305 2818 viri

275 2869 363 2919 ponere
392 2854 520 2919 potuisset:
558 2851 602 2899 Vos
622 2850 773 2913 exemplario
805 2848 869 2898 doen
883 2860 1022 2901 annotatum
1043 2854 1223 2918 inveniflspido
1232 2862 1303 2918 post-

277 2941 371 2988 Grcsco
401 2940 433 2987 In
461 2939 574 2985 mnibus
597 2943 694 2983 versate
716 2936 772 2983 dias
799 2950 890 3000 pauore
904 2937 980 2987 dieto.

274 3034 415 3088 noctesque,
430 3024 541 3071 Pisones.
557 3021 669 3086 Virgilius
676 3029 770 3068 antem:

275 3112 340 3160 Ano
356 3110 410 3158 dies
424 3117 551 3172 noctesque
559 3112 772 3171 patentpsuctro·
1030 3109 1072 3159 lv.

275 3198 313 3244 aa
327 3197 410 3244 Ditis.
427 3196 455 3242 Et
471 3193 530 3260 qnid
546 3193 678 3241 Ciceronem
694 3206 772 3239 move-

274 3279 318 3329 bat
338 3289 366 3328 nt
382 3279 496 3328 scriberet
516 3279 541 3341 l,
556 3280 586 3327 01
610 3275 639 3325 de
660 3276 771 3326 Oratore:
823 3277 902 3341 Origo
908 3285 935 3325 et
942 3293 1092 3344 progressum
1099 3284 1250 3349 Tragoedias
1261 3292 1286 3334 st

275 3367 307 3415 Iu
330 3367 373 3413 hoc
387 3380 435 3412 ono
450 3379 535 3427 opere,
559 3372 590 3411 ot
613 3365 654 3410 ito
674 3362 771 3423 dicum,
838 3361 977 3414 (lornocds'oo
990 3366 1056 3428 apud
1069 3369 1173 3416 Graecos
1185 3376 1212 3418 et
1224 3371 1272 3419 110.

274 3457 358 3500 coctos
376 3457 402 3498 st
418 3450 473 3498 dies
492 3445 634 3513 urgeatur?
653 3446 719 3495 Idem
743 3445 772 3495 ds
853 3460 944 3496 aranos.
959 3449 1256 3504 Eunonihicmcmnon

276 3537 371 3587 Oratore
379 3536 415 3597 ll,
424 3537 470 3597 32,
485 3534 576 3582 variato
587 3530 680 3581 ordine:
699 3533 771 3581 Assi-
884 3535 951 3582 sotis
966 3550 1039 3583 coroa
1051 3536 1222 3587 odiitwaat.

274 3622 388 3671 distem
395 3619 570 3685 operesondem
585 3618 696 3665 incudem
704 3618 770 3666 diem

274 3717 414 3771 noctemque
427 3705 594 3755 mordentibus.
616 3703 696 3768 Neque
713 3701 770 3750 ordo
833 3702 961 3754 lustravit
970 3708 1074 3770 pulprz'sa
1095 3709 1186 3774 tignis.
1210 3708 1238 3758 ln
1254 3708 1302 3759 llS.

275 3792 449 3844 illenaturslis
467 3792 493 3840 in
509 3797 565 3838 ortu
578 3799 706 3851 oceanoque
722 3789 771 3835 fuit
803 3787 918 3854 llaming.
940 3792 1065 3840 instravit
1076 3793 1180 3858 polyritcs
1197 3796 1304 3861 linguis.

275 3878 420 3929 obseremus.
437 3878 493 3926 Dixi
503 3874 617 3942 quaedam
626 3891 654 3922 ea
670 3872 699 3921 de
707 3890 732 3921 re
745 3875 773 3921 in
836 3875 868 3922 In
891 3876 985 3923 vitium
1008 3878 1111 3927 libertos
1140 3880 1245 3930 eccidit.
1274 3881 1306 3934 Ν.

274 3964 388 4014 Biblioth.
397 3965 483 4013 Critiea
490 3959 769 4026 Novalol.ll‚pag.292.
803 3958 913 4008 Heinsius
929 3961 1030 4011 coniecit
1043 3964 1144 4013 recidit.

306 4049 342 4098 As
353 4051 437 4098 nostri
443 4050 541 4114 procot.
558 4044 647 4097 lncod.
661 4043 772 4104 D'Orvill.
839 4045 975 4110 monsque
983 4049 1103 4112 Turpiter
1110 4050 1225 4101 obticuit.
1241 4054 1303 4100 rurs

277 4126 310 4185 Ut
320 4137 404 4183 nostri
413 4136 512 4199 prosim.
802 4132 888 4194 pita,
901 4141 930 4180 nt
942 4132 999 4182 moli
1013 4132 1119 4183 hominos
1132 4136 1239 4199 faciunt,
1255 4153 1302 4185 non
