3009 5000
258 457 304 518 sa
527 460 740 522 aoalrrr
771 459 1016 521 aarsroii

293 679 427 750 Gaudet
451 681 546 773 equis
563 680 772 773 canibusque
788 690 823 751 et
847 684 950 776 aprici
964 680 1112 775 gramine
1123 678 1253 780 campi,

293 797 417 869 Cereus
442 800 477 868 in
502 792 621 869 vitium
642 797 752 890 flecti,
779 801 1002 871 monitoribus
1027 825 1146 896 asper,

291 915 433 987 Utilium
453 916 570 988 tardus
593 921 763 1013 provisor,
789 916 951 1013 prodigus
976 922 1076 1011 aeris,

292 1033 453 1106 Sublimis
473 1036 704 1131 cupidusque,
725 1046 759 1108 et
781 1046 889 1107 amata
909 1037 1099 1131 relinquere
1114 1042 1241 1134 pernix.

293 1153 468 1226 Conversis
492 1156 626 1246 stadiis,
654 1164 742 1226 aetas
768 1158 966 1249 animasque
991 1158 1095 1227 virilis

258 1326 260 1331 -
291 1273 429 1362 Quaerit
452 1297 532 1369 opes
557 1250 601 1344 et
615 1275 794 1365 amicitias,
820 1277 956 1346 inservit
977 1276 1117 1362 honori3

252 1452 253 1455 ,
292 1390 504 1465 Commisisse
528 1400 641 1482 cavet,
668 1392 762 1487 qaod
785 1418 862 1466 mox
888 1406 1019 1464 matare
1043 1394 1184 1465 laboret.

292 1508 401 1579 Multa
426 1496 538 1585 senem
551 1512 820 1583 circumveniunt
835 1511 1064 1600 incommoda,
1078 1513 1146 1602 vel,
1163 1514 1256 1605 quod

291 1628 445 1720 Quaerit,
471 1638 505 1701 et
528 1632 670 1701 inventis
694 1632 794 1700 miser
820 1629 964 1701 abstinet
988 1656 1027 1701 ac
1049 1633 1144 1702 timet
1165 1633 1235 1716 uti,

289 1746 368 1837 Vel,
394 1748 488 1842 quod
505 1772 557 1820 res
580 1772 695 1820 omnes
716 1749 852 1839 timide,
878 1749 1052 1843 gelideque
1072 1752 1256 1836 ministrat,

291 1865 442 1959 Dilator,
468 1890 526 1963 spe
547 1869 688 1960 longus,
714 1870 823 1955 iners,
850 1867 1035 1961 avidusque
1055 1869 1183 1956 lutari,

261 2103 314 2135 cum
327 2087 370 2149 u,
380 2090 442 2151 399,
456 2090 556 2153 colligis
568 2091 649 2150 iram,
662 2088 690 2136 hi
703 2099 759 2137 sunt
792 2087 902 2137 cecidisse
918 2092 1091 2154 meminerunt,
1106 2102 1157 2141 tum
1171 2091 1201 2140 ab
1219 2094 1289 2140 lirni-

257 2181 381 2221 venatores
388 2172 523 2238 parasium,
537 2176 655 2239 quicoeco
664 2175 756 2240 impetu
789 2175 904 2224 dilatari.
927 2175 992 2224 ldem
1010 2180 1138 2227 senectutis
1156 2180 1242 2227 vitium
1264 2188 1289 2226 et

209 2303 213 2309 .
257 2259 394 2308 caniculam
415 2276 458 2325 pro
474 2259 556 2326 lepore
574 2261 673 2309 feriunt.
699 2262 758 2309 Nam
789 2261 868 2309 Cicero
890 2264 1043 2328 perstringit,
1065 2265 1138 2330 Epist.
1161 2262 1191 2312 ad
1207 2264 1288 2313 Famil.

255 2344 328 2394 Silius
353 2347 411 2395 setis
438 2346 548 2412 ambigue
569 2348 671 2412 colligis
690 2350 758 2395 iram
790 2348 875 2410 11,1o.
894 2349 1015 2396 Recordar
1028 2351 1094 2397 enim
1107 2334 1290 2414 desperationes

256 2447 299 2495 pro
315 2433 411 2480 colriles
427 2436 519 2498 posuit,
543 2443 572 2481 ut
588 2432 687 2482 dicimus
703 2436 759 2480 vola
791 2436 883 2494 emani,
901 2435 946 2495 qni
960 2449 1030 2482 serres
1043 2443 1126 2496 aaut,
1140 2436 1291 2483 adokscente

256 2520 387 2582 colligere,
404 2535 446 2584 pro
462 2521 611 2566 contrahere.
671 2583 673 2588 Ι
791 2534 837 2566 rna.
860 2519 912 2565 Eos
932 2522 1095 2582 egojortaesc
1107 2536 1171 2567 nanc
1189 2522 1289 2584 imitor,

287 2603 412 2652 Imberlas
426 2604 534 2650 invenis.
557 2603 585 2649 ln
601 2602 655 2651 eliis
670 2603 758 2649 imber·
790 2609 816 2649 et
838 2609 897 2650 ator
920 2605 1015 2651 aetatis
1038 2606 1111 2653 citio.
1135 2607 1183 2670 Spe
1203 2608 1291 2671 langres

255 2689 302 2744 lis.
320 2688 348 2735 ln
361 2687 485 2738 Brenckm.
503 2689 622 2737 incertis.
765 2688 769 2695 ’
789 2689 871 2753 itaque
885 2687 949 2736 idem
962 2688 1025 2754 apud
1033 2690 1143 2739 Nostram
1156 2701 1237 2740 notare
1250 2692 1290 2741 de·

289 2775 446 2824 Commisisss
459 2782 544 2836 carot,
560 2774 623 2838 qnod
637 2789 693 2822 moa
705 2790 757 2822 rna-
788 2772 845 2840 bet,
863 2772 926 2839 quod
937 2774 1001 2842 apul
1012 2775 1126 2825 Graecum
1144 2777 1289 2835 alasiam

257 2867 314 2908 tare
329 2862 429 2910 labora.
446 2861 474 2908 lu
487 2860 610 2909 Brenckm.
628 2876 693 2908 cave.
791 2859 817 2909 id
827 2876 883 2908 vera
899 2861 941 2927 qui
955 2862 1008 2909 fieri
1021 2864 1108 2927 possit,
1122 2875 1223 2914 autnon
1236 2883 1291 2914 coa-

289 2948 408 3009 Dilator,
425 2962 467 3010 spe
484 2949 589 3012 longae,
605 2948 689 3008 iners,
706 2947 759 2993 aci·
792 2948 891 2995 trarium
912 2948 992 3011 potius
1013 2949 1147 3013 significet,
1172 2949 1238 3000 haud
1255 2953 1291 2999 ita

257 3033 348 3096 lrcsqne
353 3033 453 3093 falari.
467 3032 528 3098 Quid
540 3031 603 3080 illud
616 3047 658 3096 spe
672 3034 759 3096 tangas
791 3035 943 3082 manifestum
961 3043 1005 3082 est.
1031 3033 1112 3084 Phrasi
1128 3037 1225 3102 quidem
1245 3037 1291 3088 hec

257 3117 298 3166 liic
314 3116 362 3166 sibi
384 3118 458 3181 velit,
476 3120 545 3167 anxie
565 3126 697 3183 quaerunt,
719 3103 760 3164 rie-
792 3134 835 3182 spe
851 3120 938 3182 langas
958 3136 1026 3167 nemo
1048 3122 1172 3187 quisquam
1191 3126 1234 3189 qui
1249 3123 1292 3172 lio-

257 3219 304 3269 que
323 3219 347 3250 se
365 3203 495 3269 expediant
511 3205 664 3268 Interpretes.
684 3203 759 3266 Expe·
792 3202 830 3250 (lie
845 3213 939 3251 exstant
952 3215 1060 3255 veterum
1068 3224 1167 3273 usquam
1176 3219 1289 3266 estusus3
1389 3251 1399 3267 ,

256 3290 346 3336 riemar
363 3297 387 3336 et
403 3306 459 3352 nos,
477 3291 498 3338 si
514 3290 626 3337 maiorem
641 3289 704 3336 forte
721 3287 759 3336 lu·
791 3287 816 3335 it
850 3299 930 3337 temen
954 3289 1124 3355 quodammodo
1157 3305 1199 3342 aut
1230 3311 1291 3358 pene

259 3390 311 3422 cem
335 3355 512 3423 obmufimimac
529 3373 628 3422 dictioni
643 3375 760 3439 possimus
792 3383 857 3421 certo
873 3374 933 3439 quid
948 3374 995 3425 sibi
1010 3377 1071 3426 velit
1083 3380 1142 3426 scire
1157 3395 1291 3444 possumus,

259 3457 393 3510 effundere.
416 3460 533 3524 Principio
551 3458 615 3508 illud
627 3461 676 3524 'pro
698 3475 760 3507 com·
793 3460 813 3507 si
829 3475 885 3523 spes
906 3461 980 3525 longa
1001 3478 1061 3527 quae
1083 3467 1116 3513 sit
1131 3464 1204 3511 semel
1219 3466 1292 3513 resei-

259 3553 328 3610 perto
344 3543 480 3592 habendum
494 3554 543 3607 est,
558 3546 584 3592 in
599 3544 638 3592 his
654 3554 760 3594 aetatum
794 3547 888 3595 erimus.
897 3546 980 3595 Noster
988 3547 1061 3596 Germ.
1071 3551 1129 3609 154.
1149 3550 1292 3598 Vitassem·

259 3629 436 3680 characteribus
446 3630 633 3678 utilristotelem
641 3631 759 3692 Naturae,
791 3646 833 3678 rna
849 3633 930 3679 brevis
948 3649 1079 3696 sparseras
1094 3642 1162 3682 aetat
1177 3637 1292 3684 inchoare

260 3717 296 3764 lte
317 3716 426 3765 Nostrum
444 3716 578 3763 Aristotelis
598 3717 706 3781 vestigiis
726 3718 762 3764 iu-
795 3719 899 3782 longam.
914 3721 1293 3783 Iamtepremetnos,fabnlae‘·

259 3803 358 3852 stitisse.
375 3804 398 3850 ls
411 3803 486 3868 igitur
498 3800 569 3850 Rhet.
583 3803 604 3849 ll
611 3834 619 3860 ,
635 3804 680 3863 13,
694 3799 768 3850 senes'
794 3818 839 3865 qac
851 3805 947 3852 Manes.
969 3805 1032 3866 etl,
1049 3807 1087 3854 ll.
1112 3809 1218 3871 Sepias,
1232 3811 1293 3857 vina

262 3884 428 3945 δυσέλπιδας
453 3905 502 3936 esse
529 3886 615 3949 tradit,
637 3887 682 3935 hoc
705 3897 758 3950 est,
792 3890 924 3952 liques,et
935 3892 1019 3954 spatio
1031 3893 1101 3941 treci
1112 3896 1185 3958 Spem
1195 3897 1293 3961 longam

121 3966 125 3982 '
221 4013 234 4054 '.
260 3972 430 4038 desperantes,
445 3976 524 4022 viaet
538 3974 762 4022 tardeettenaiter
793 3990 899 4023 reseces:
916 3976 973 4023 dam
988 3978 1124 4041 loquimar,
1133 3980 1238 4046 fugerit
1253 3984 1292 4029 irr-

261 4067 389 4122 sperantes
393 4082 403 4120 ,·
424 4059 496 4127 idque
518 4078 571 4110 sam
588 4058 618 4108 ab
636 4060 761 4132 asperien-
794 4062 852 4109 vida
863 4062 950 4110 Aetas.
967 4062 1054 4112 Seneca
1067 4065 1140 4130 Epist.
1151 4066 1227 4126 ‚xxa
1245 4069 1292 4116 Fa·

262 4145 342 4205 tians,
365 4145 429 4209 quod
449 4147 562 4212 pleraque
585 4147 612 4193 in
633 4145 683 4192 vite
700 4145 761 4193 male
793 4148 843 4194 cile
858 4137 896 4194 est
909 4152 1078 4212 scarpationcs
1093 4153 1206 4215 aradae,
1219 4154 1246 4200 si
1256 4168 1292 4200 oc-
