<?xml version="1.0" encoding="UTF-8"?>
<!DOCTYPE html PUBLIC "-//W3C//DTD XHTML 1.0 Transitional//EN"
    "http://www.w3.org/TR/xhtml1/DTD/xhtml1-transitional.dtd">
<html xmlns="http://www.w3.org/1999/xhtml" xml:lang="en" lang="en">
 <head>
  <title>
</title>
<meta http-equiv="Content-Type" content="text/html;charset=utf-8" />
  <meta name='ocr-system' content='tesseract 3.04.00' />
  <meta name='ocr-capabilities' content='ocr_page ocr_carea ocr_par ocr_line ocrx_word'/>
</head>
<body>
  <div class='ocr_page' id='page_1' title='image "./qhoratiiflaccie00peergoog_0071.png"; bbox 0 0 3009 5000; ppageno 0'>
   <div class='ocr_carea' id='block_1_1' title="bbox 301 415 1145 532">
    <p class='ocr_par' dir='ltr' id='par_1_1' title="bbox 301 415 1145 532">
     <span class='ocr_line' id='line_1_1' title="bbox 301 415 1145 532; baseline -0.004 -1"><span class='ocrx_word' id='word_1_1' title='bbox 301 469 359 532; x_wconf 84' lang='lat'><strong>114</strong></span> <span class='ocrx_word' id='word_1_2' title='bbox 563 467 777 530; x_wconf 78' lang='lat' dir='ltr'>HORATII</span> <span class='ocrx_word' id='word_1_3' title='bbox 806 466 1050 529; x_wconf 70' lang='lat' dir='ltr'>EPISTOLA</span> <span class='ocrx_word' id='word_1_4' title='bbox 1142 415 1145 421; x_wconf 46' lang='lat'><strong>¹</strong></span> 
     </span>
    </p>
   </div>
   <div class='ocr_carea' id='block_1_2' title="bbox 328 686 1209 782">
    <p class='ocr_par' dir='ltr' id='par_1_2' title="bbox 328 686 1209 782">
     <span class='ocr_line' id='line_1_2' title="bbox 328 686 1209 782; baseline -0.003 -20"><span class='ocrx_word' id='word_1_5' title='bbox 328 693 377 762; x_wconf 89' lang='lat' dir='ltr'><strong>Ne</strong></span> <span class='ocrx_word' id='word_1_6' title='bbox 395 687 511 761; x_wconf 75' lang='lat' dir='ltr'><strong>dicam</strong></span> <span class='ocrx_word' id='word_1_7' title='bbox 533 691 652 779; x_wconf 81' lang='lat' dir='ltr'><strong>stulte,</strong></span> <span class='ocrx_word' id='word_1_8' title='bbox 677 687 806 772; x_wconf 77' lang='lat' dir='ltr'><strong>mirati3</strong></span> <span class='ocrx_word' id='word_1_9' title='bbox 830 686 979 758; x_wconf 83' lang='lat' dir='ltr'><strong>simodo</strong></span> <span class='ocrx_word' id='word_1_10' title='bbox 1004 711 1068 782; x_wconf 80' lang='lat' dir='ltr'><strong>ego</strong></span> <span class='ocrx_word' id='word_1_11' title='bbox 1092 696 1127 759; x_wconf 85' lang='lat' dir='ltr'><strong>et</strong></span> <span class='ocrx_word' id='word_1_12' title='bbox 1152 711 1209 759; x_wconf 85' lang='lat' dir='ltr'><strong>vos</strong></span> 
     </span>
    </p>
   </div>
   <div class='ocr_carea' id='block_1_3' title="bbox 208 908 1322 980">
    <p class='ocr_par' dir='ltr' id='par_1_3' title="bbox 208 908 1322 980">
     <span class='ocr_line' id='line_1_3' title="bbox 208 908 1322 980; baseline -0.005 -16"><span class='ocrx_word' id='word_1_13' title='bbox 208 946 212 951; x_wconf 90' lang='lat'>-</span> <span class='ocrx_word' id='word_1_14' title='bbox 296 915 379 964; x_wconf 79' lang='lat' dir='ltr'><strong>nestri</strong></span> <span class='ocrx_word' id='word_1_15' title='bbox 397 916 489 980; x_wconf 76' lang='lat' dir='ltr'><strong>proavi</strong></span> <span class='ocrx_word' id='word_1_16' title='bbox 503 928 588 979; x_wconf 77' lang='lat' dir='ltr'><strong>magua</strong></span> <span class='ocrx_word' id='word_1_17' title='bbox 603 910 791 960; x_wconf 84' lang='lat' dir='ltr'><strong>circumveniunt</strong></span> <span class='ocrx_word' id='word_1_18' title='bbox 823 917 852 955; x_wconf 92' lang='lat' dir='ltr'><strong>ut</strong></span> <span class='ocrx_word' id='word_1_19' title='bbox 867 911 926 958; x_wconf 80' lang='lat' dir='ltr'><strong>roias</strong></span> <span class='ocrx_word' id='word_1_20' title='bbox 941 925 989 975; x_wconf 81' lang='lat' dir='ltr'><strong>quo</strong></span> <span class='ocrx_word' id='word_1_21' title='bbox 1001 908 1124 960; x_wconf 87' lang='lat' dir='ltr'><strong>hominum</strong></span> <span class='ocrx_word' id='word_1_22' title='bbox 1137 913 1201 975; x_wconf 81' lang='lat' dir='ltr'><strong>risu,</strong></span> <span class='ocrx_word' id='word_1_23' title='bbox 1217 927 1264 978; x_wconf 76' lang='lat' dir='ltr'><strong>quo</strong></span> <span class='ocrx_word' id='word_1_24' title='bbox 1278 926 1322 959; x_wconf 83' lang='lat' dir='ltr'><strong>suo</strong></span> 
     </span>
    </p>
   </div>
   <div class='ocr_carea' id='block_1_4' title="bbox 295 995 1325 1490">
    <p class='ocr_par' dir='ltr' id='par_1_4' title="bbox 295 995 1325 1490">
     <span class='ocr_line' id='line_1_4' title="bbox 300 995 1322 1064; baseline -0.004 -16"><span class='ocrx_word' id='word_1_25' title='bbox 300 998 454 1049; x_wconf 80' lang='lat' dir='ltr'><strong>incommoda.</strong></span> <span class='ocrx_word' id='word_1_26' title='bbox 486 1000 578 1064; x_wconf 76' lang='lat' dir='ltr'><strong>Quippe</strong></span> <span class='ocrx_word' id='word_1_27' title='bbox 594 997 697 1045; x_wconf 88' lang='lat' dir='ltr'><strong>omnium</strong></span> <span class='ocrx_word' id='word_1_28' title='bbox 713 1011 738 1042; x_wconf 89' lang='lat' dir='ltr'><strong>se</strong></span> <span class='ocrx_word' id='word_1_29' title='bbox 757 1011 795 1042; x_wconf 88' lang='lat' dir='ltr'><strong>ea·</strong></span> <span class='ocrx_word' id='word_1_30' title='bbox 826 1003 922 1059; x_wconf 83' lang='lat' dir='ltr'><strong>stupore</strong></span> <span class='ocrx_word' id='word_1_31' title='bbox 947 997 1030 1044; x_wconf 80' lang='lat' dir='ltr'><strong>nostri</strong></span> <span class='ocrx_word' id='word_1_32' title='bbox 1045 1000 1136 1062; x_wconf 81' lang='lat' dir='ltr'><em>proavi</em></span> <span class='ocrx_word' id='word_1_33' title='bbox 1159 997 1266 1046; x_wconf 80' lang='lat' dir='ltr'><strong>dicturus</strong></span> <span class='ocrx_word' id='word_1_34' title='bbox 1281 995 1322 1045; x_wconf 81' lang='lat' dir='ltr'><strong>hie</strong></span> 
     </span>
     <span class='ocr_line' id='line_1_5' title="bbox 299 1081 1323 1149; baseline -0.005 -15"><span class='ocrx_word' id='word_1_35' title='bbox 299 1083 393 1133; x_wconf 82' lang='lat' dir='ltr'><strong>ohinnis</strong></span> <span class='ocrx_word' id='word_1_36' title='bbox 408 1086 555 1149; x_wconf 76' lang='lat' dir='ltr'><strong>exposuisset</strong></span> <span class='ocrx_word' id='word_1_37' title='bbox 577 1083 675 1144; x_wconf 82' lang='lat' dir='ltr'><strong>Noster,</strong></span> <span class='ocrx_word' id='word_1_38' title='bbox 692 1081 796 1145; x_wconf 84' lang='lat' dir='ltr'><strong>sipatre</strong></span> <span class='ocrx_word' id='word_1_39' title='bbox 829 1090 890 1128; x_wconf 86' lang='lat' dir='ltr'><strong>esset</strong></span> <span class='ocrx_word' id='word_1_40' title='bbox 904 1081 1015 1139; x_wconf 55' lang='lat' dir='ltr'><strong>Flaccum</strong></span> <span class='ocrx_word' id='word_1_41' title='bbox 1033 1081 1087 1131; x_wconf 83' lang='lat' dir='ltr'><strong>vide</strong></span> <span class='ocrx_word' id='word_1_42' title='bbox 1102 1082 1170 1132; x_wconf 83' lang='lat' dir='ltr'><strong>modo</strong></span> <span class='ocrx_word' id='word_1_43' title='bbox 1185 1083 1278 1149; x_wconf 74' lang='lat' dir='ltr'><strong>Vopisci</strong></span> <span class='ocrx_word' id='word_1_44' title='bbox 1288 1082 1323 1131; x_wconf 87' lang='lat' dir='ltr'><strong>lo·</strong></span> 
     </span>
     <span class='ocr_line' id='line_1_6' title="bbox 298 1154 1323 1233; baseline -0.003 -15"><span class='ocrx_word' id='word_1_45' title='bbox 298 1169 430 1233; x_wconf 86' lang='lat' dir='ltr'><strong>libertino,</strong></span> <span class='ocrx_word' id='word_1_46' title='bbox 447 1169 542 1219; x_wconf 90' lang='lat' dir='ltr'><strong>homine</strong></span> <span class='ocrx_word' id='word_1_47' title='bbox 549 1165 676 1229; x_wconf 87' lang='lat' dir='ltr'><strong>Graeculo,</strong></span> <span class='ocrx_word' id='word_1_48' title='bbox 693 1175 722 1214; x_wconf 89' lang='lat' dir='ltr'><strong>ut</strong></span> <span class='ocrx_word' id='word_1_49' title='bbox 729 1166 796 1231; x_wconf 74' lang='lat' dir='ltr'><strong>equi·</strong></span> <span class='ocrx_word' id='word_1_50' title='bbox 828 1182 881 1214; x_wconf 84' lang='lat' dir='ltr'><strong>cum</strong></span> <span class='ocrx_word' id='word_1_51' title='bbox 894 1154 920 1214; x_wconf 82' lang='lat' dir='ltr'><strong>iu</strong></span> <span class='ocrx_word' id='word_1_52' title='bbox 934 1166 991 1214; x_wconf 84' lang='lat' dir='ltr'><strong>Caro</strong></span> <span class='ocrx_word' id='word_1_53' title='bbox 1004 1183 1056 1233; x_wconf 84' lang='lat' dir='ltr'><strong>cap.</strong></span> <span class='ocrx_word' id='word_1_54' title='bbox 1073 1169 1098 1217; x_wconf 81' lang='lat'><strong>4.</strong></span> <span class='ocrx_word' id='word_1_55' title='bbox 1112 1167 1170 1231; x_wconf 90' lang='lat' dir='ltr'><strong>ubi,</strong></span> <span class='ocrx_word' id='word_1_56' title='bbox 1186 1179 1267 1217; x_wconf 86' lang='lat' dir='ltr'><strong>eontra</strong></span> <span class='ocrx_word' id='word_1_57' title='bbox 1285 1185 1323 1216; x_wconf 85' lang='lat' dir='ltr'><strong>eos</strong></span> 
     </span>
     <span class='ocr_line' id='line_1_7' title="bbox 299 1251 1325 1322; baseline -0.005 -17"><span class='ocrx_word' id='word_1_58' title='bbox 299 1255 354 1305; x_wconf 84' lang='lat' dir='ltr'><strong>dem</strong></span> <span class='ocrx_word' id='word_1_59' title='bbox 368 1266 441 1322; x_wconf 89' lang='lat' dir='ltr'><strong>puto,</strong></span> <span class='ocrx_word' id='word_1_60' title='bbox 462 1254 500 1304; x_wconf 79' lang='lat' dir='ltr'><strong>vel</strong></span> <span class='ocrx_word' id='word_1_61' title='bbox 515 1254 573 1319; x_wconf 81' lang='lat' dir='ltr'><strong>Syro</strong></span> <span class='ocrx_word' id='word_1_62' title='bbox 597 1252 659 1301; x_wconf 80' lang='lat' dir='ltr'><strong>forte</strong></span> <span class='ocrx_word' id='word_1_63' title='bbox 680 1261 723 1300; x_wconf 88' lang='lat' dir='ltr'><strong>aut</strong></span> <span class='ocrx_word' id='word_1_64' title='bbox 738 1251 795 1299; x_wconf 68' lang='lat' dir='ltr'><strong>Afro</strong></span> <span class='ocrx_word' id='word_1_65' title='bbox 828 1253 871 1317; x_wconf 77' lang='lat' dir='ltr'><strong>qui</strong></span> <span class='ocrx_word' id='word_1_66' title='bbox 885 1252 967 1299; x_wconf 76' lang='lat' dir='ltr'><strong>Garum</strong></span> <span class='ocrx_word' id='word_1_67' title='bbox 979 1251 1176 1302; x_wconf 78' lang='lat' dir='ltr'><strong>Mediolanensem</strong></span> <span class='ocrx_word' id='word_1_68' title='bbox 1188 1255 1262 1302; x_wconf 85' lang='lat' dir='ltr'><strong>fuisse</strong></span> <span class='ocrx_word' id='word_1_69' title='bbox 1276 1262 1325 1301; x_wconf 89' lang='lat' dir='ltr'><strong>tra·</strong></span> 
     </span>
     <span class='ocr_line' id='line_1_8' title="bbox 298 1335 1325 1405; baseline -0.005 -15"><span class='ocrx_word' id='word_1_70' title='bbox 298 1351 381 1402; x_wconf 88' lang='lat' dir='ltr'><strong>natus,</strong></span> <span class='ocrx_word' id='word_1_71' title='bbox 406 1347 502 1387; x_wconf 80' lang='lat' dir='ltr'><strong>nostroe</strong></span> <span class='ocrx_word' id='word_1_72' title='bbox 517 1352 623 1402; x_wconf 80' lang='lat' dir='ltr'><strong>proavos</strong></span> <span class='ocrx_word' id='word_1_73' title='bbox 643 1352 685 1385; x_wconf 89' lang='lat' dir='ltr'><strong>seu</strong></span> <span class='ocrx_word' id='word_1_74' title='bbox 699 1338 795 1384; x_wconf 84' lang='lat' dir='ltr'><strong>incaute</strong></span> <span class='ocrx_word' id='word_1_75' title='bbox 827 1335 948 1400; x_wconf 81' lang='lat' dir='ltr'><strong>diderant,</strong></span> <span class='ocrx_word' id='word_1_76' title='bbox 965 1339 1036 1401; x_wconf 84' lang='lat' dir='ltr'><strong>Ipse,</strong></span> <span class='ocrx_word' id='word_1_77' title='bbox 1060 1339 1153 1404; x_wconf 72' lang='lat' dir='ltr'><strong>inquit,</strong></span> <span class='ocrx_word' id='word_1_78' title='bbox 1175 1349 1204 1387; x_wconf 92' lang='lat' dir='ltr'><strong>nt</strong></span> <span class='ocrx_word' id='word_1_79' title='bbox 1225 1338 1325 1405; x_wconf 85' lang='lat' dir='ltr'><strong>epistola</strong></span> 
     </span>
     <span class='ocr_line' id='line_1_9' title="bbox 295 1420 1323 1490; baseline -0.002 -16"><span class='ocrx_word' id='word_1_80' title='bbox 295 1428 345 1474; x_wconf 85' lang='lat' dir='ltr'><strong>siv&#39;e</strong></span> <span class='ocrx_word' id='word_1_81' title='bbox 352 1424 453 1490; x_wconf 81' lang='lat' dir='ltr'><strong>gloriose</strong></span> <span class='ocrx_word' id='word_1_82' title='bbox 462 1421 572 1472; x_wconf 75' lang='lat' dir='ltr'><strong>dixisset:</strong></span> <span class='ocrx_word' id='word_1_83' title='bbox 587 1423 655 1487; x_wconf 79' lang='lat' dir='ltr'><strong>quasi</strong></span> <span class='ocrx_word' id='word_1_84' title='bbox 664 1420 795 1487; x_wconf 88' lang='lat' dir='ltr'><strong>ipsePaul·</strong></span> <span class='ocrx_word' id='word_1_85' title='bbox 827 1422 884 1469; x_wconf 85' lang='lat' dir='ltr'><strong>eius·</strong></span> <span class='ocrx_word' id='word_1_86' title='bbox 899 1420 1003 1484; x_wconf 76' lang='lat' dir='ltr'><strong>indicat,</strong></span> <span class='ocrx_word' id='word_1_87' title='bbox 1027 1422 1145 1471; x_wconf 86' lang='lat' dir='ltr'><strong>Romanus</strong></span> <span class='ocrx_word' id='word_1_88' title='bbox 1163 1423 1218 1472; x_wconf 86' lang='lat' dir='ltr'><strong>vult</strong></span> <span class='ocrx_word' id='word_1_89' title='bbox 1238 1422 1323 1473; x_wconf 73' lang='lat' dir='ltr'><strong>rideri.</strong></span> 
     </span>
    </p>
   </div>
   <div class='ocr_carea' id='block_1_5' title="bbox 190 1504 1324 1572">
    <p class='ocr_par' dir='ltr' id='par_1_5' title="bbox 190 1504 1324 1572">
     <span class='ocr_line' id='line_1_10' title="bbox 190 1504 1324 1572; baseline -0.001 -14"><span class='ocrx_word' id='word_1_90' title='bbox 190 1558 193 1567; x_wconf 72' lang='grc'>,</span> <span class='ocrx_word' id='word_1_91' title='bbox 295 1511 334 1558; x_wconf 90' lang='lat' dir='ltr'><strong>lus</strong></span> <span class='ocrx_word' id='word_1_92' title='bbox 354 1507 393 1557; x_wconf 80' lang='lat' dir='ltr'><strong>vel</strong></span> <span class='ocrx_word' id='word_1_93' title='bbox 414 1506 522 1557; x_wconf 77' lang='lat' dir='ltr'><strong>Messalla</strong></span> <span class='ocrx_word' id='word_1_94' title='bbox 536 1507 575 1556; x_wconf 86' lang='lat' dir='ltr'><strong>vel</strong></span> <span class='ocrx_word' id='word_1_95' title='bbox 597 1506 725 1572; x_wconf 84' lang='lat' dir='ltr'><strong>Pompilius</strong></span> <span class='ocrx_word' id='word_1_96' title='bbox 740 1523 793 1556; x_wconf 86' lang='lat' dir='ltr'><strong>san-</strong></span> <span class='ocrx_word' id='word_1_97' title='bbox 824 1504 900 1554; x_wconf 74' lang='lat' dir='ltr'><strong>Verba</strong></span> <span class='ocrx_word' id='word_1_98' title='bbox 924 1506 1037 1572; x_wconf 85' lang='lat' dir='ltr'><strong>epistolae</strong></span> <span class='ocrx_word' id='word_1_99' title='bbox 1061 1517 1129 1556; x_wconf 88' lang='lat' dir='ltr'><strong>sunt:</strong></span> <span class='ocrx_word' id='word_1_100' title='bbox 1157 1511 1268 1557; x_wconf 81' lang='lat' dir='ltr'><strong>Maiores</strong></span> <span class='ocrx_word' id='word_1_101' title='bbox 1282 1525 1324 1557; x_wconf 82' lang='lat' dir='ltr'><strong>aa·</strong></span> 
     </span>
    </p>
   </div>
   <div class='ocr_carea' id='block_1_6' title="bbox 288 1590 1326 4217">
    <p class='ocr_par' dir='ltr' id='par_1_6' title="bbox 288 1590 1326 4217">
     <span class='ocr_line' id='line_1_11' title="bbox 296 1590 1325 1659; baseline 0 -17"><span class='ocrx_word' id='word_1_102' title='bbox 296 1596 350 1659; x_wconf 83' lang='lat' dir='ltr'><strong>guis</strong></span> <span class='ocrx_word' id='word_1_103' title='bbox 374 1602 444 1643; x_wconf 63' lang='lat' dir='ltr'><strong>essets</strong></span> <span class='ocrx_word' id='word_1_104' title='bbox 477 1591 505 1640; x_wconf 85' lang='lat' dir='ltr'><strong>ld</strong></span> <span class='ocrx_word' id='word_1_105' title='bbox 520 1590 584 1658; x_wconf 75' lang='lat' dir='ltr'><strong>quael</strong></span> <span class='ocrx_word' id='word_1_106' title='bbox 607 1590 664 1640; x_wconf 86' lang='lat' dir='ltr'><strong>olim</strong></span> <span class='ocrx_word' id='word_1_107' title='bbox 679 1590 795 1640; x_wconf 74' lang='lat' dir='ltr'><strong>Victorius</strong></span> <span class='ocrx_word' id='word_1_108' title='bbox 826 1593 891 1653; x_wconf 79' lang='lat' dir='ltr'><strong>etri,</strong></span> <span class='ocrx_word' id='word_1_109' title='bbox 907 1592 1015 1639; x_wconf 82' lang='lat' dir='ltr'><strong>Roraani</strong></span> <span class='ocrx_word' id='word_1_110' title='bbox 1028 1592 1074 1640; x_wconf 81' lang='lat' dir='ltr'><strong>illi</strong></span> <span class='ocrx_word' id='word_1_111' title='bbox 1083 1594 1214 1657; x_wconf 76' lang='lat' dir='ltr'><strong>principer</strong></span> <span class='ocrx_word' id='word_1_112' title='bbox 1226 1604 1273 1642; x_wconf 87' lang='lat' dir='ltr'><strong>oet.</strong></span> <span class='ocrx_word' id='word_1_113' title='bbox 1295 1595 1325 1642; x_wconf 87' lang='lat' dir='ltr'><strong>Et</strong></span> 
     </span>
     <span class='ocr_line' id='line_1_12' title="bbox 293 1676 1324 1744; baseline -0.002 -15"><span class='ocrx_word' id='word_1_114' title='bbox 293 1677 471 1744; x_wconf 76' lang='lat' dir='ltr'><strong>lambinusque</strong></span> <span class='ocrx_word' id='word_1_115' title='bbox 479 1688 544 1728; x_wconf 87' lang='lat' dir='ltr'><strong>recte</strong></span> <span class='ocrx_word' id='word_1_116' title='bbox 552 1676 696 1727; x_wconf 80' lang='lat' dir='ltr'><strong>iudicarunt.</strong></span> <span class='ocrx_word' id='word_1_117' title='bbox 710 1677 798 1726; x_wconf 77' lang='lat' dir='ltr'><strong>itma-</strong></span> <span class='ocrx_word' id='word_1_118' title='bbox 828 1692 896 1739; x_wconf 84' lang='lat' dir='ltr'><strong>mox,</strong></span> <span class='ocrx_word' id='word_1_119' title='bbox 909 1677 959 1726; x_wconf 84' lang='lat' dir='ltr'><strong>Fae</strong></span> <span class='ocrx_word' id='word_1_120' title='bbox 973 1678 1201 1742; x_wconf 75' lang='lat' dir='ltr'><strong>igiteraraiaribas</strong></span> <span class='ocrx_word' id='word_1_121' title='bbox 1214 1681 1324 1742; x_wconf 77' lang='lat' dir='ltr'><strong>nostris,</strong></span> 
     </span>
     <span class='ocr_line' id='line_1_13' title="bbox 293 1762 1326 1829; baseline -0.001 -15"><span class='ocrx_word' id='word_1_122' title='bbox 293 1782 359 1814; x_wconf 43' lang='lat' dir='ltr'><strong>vnum</strong></span> <span class='ocrx_word' id='word_1_123' title='bbox 367 1763 585 1814; x_wconf 81' lang='lat' dir='ltr'><strong>iniioitllreodorus</strong></span> <span class='ocrx_word' id='word_1_124' title='bbox 591 1762 723 1825; x_wconf 72' lang='lat' dir='ltr'><strong>Mamilius,</strong></span> <span class='ocrx_word' id='word_1_125' title='bbox 736 1764 792 1828; x_wconf 84' lang='lat' dir='ltr'><strong>qui,</strong></span> <span class='ocrx_word' id='word_1_126' title='bbox 827 1763 858 1810; x_wconf 79' lang='lat' dir='ltr'><strong>id</strong></span> <span class='ocrx_word' id='word_1_127' title='bbox 868 1770 907 1810; x_wconf 85' lang='lat' dir='ltr'><strong>est</strong></span> <span class='ocrx_word' id='word_1_128' title='bbox 919 1763 1039 1811; x_wconf 80' lang='lat' dir='ltr'><strong>Bersaais</strong></span> <span class='ocrx_word' id='word_1_129' title='bbox 1050 1779 1098 1812; x_wconf 80' lang='lat' dir='ltr'><strong>nors</strong></span> <span class='ocrx_word' id='word_1_130' title='bbox 1109 1764 1274 1829; x_wconf 64' lang='lat' dir='ltr'><strong>diraepanw</strong></span> <span class='ocrx_word' id='word_1_131' title='bbox 1286 1767 1326 1812; x_wconf 83' lang='lat' dir='ltr'><strong>ai·</strong></span> 
     </span>
     <span class='ocr_line' id='line_1_14' title="bbox 292 1847 1324 1916; baseline 0.002 -18"><span class='ocrx_word' id='word_1_132' title='bbox 292 1865 438 1915; x_wconf 73' lang='lat' dir='ltr'><strong>perperam,</strong></span> <span class='ocrx_word' id='word_1_133' title='bbox 470 1852 519 1914; x_wconf 81' lang='lat' dir='ltr'><strong>eit,</strong></span> <span class='ocrx_word' id='word_1_134' title='bbox 551 1863 677 1898; x_wconf 84' lang='lat' dir='ltr'><strong>eerreaere</strong></span> <span class='ocrx_word' id='word_1_135' title='bbox 706 1850 793 1896; x_wconf 83' lang='lat' dir='ltr'><strong>vestri:</strong></span> <span class='ocrx_word' id='word_1_136' title='bbox 826 1849 880 1896; x_wconf 83' lang='lat' dir='ltr'><strong>ris:</strong></span> <span class='ocrx_word' id='word_1_137' title='bbox 903 1847 934 1895; x_wconf 77' lang='lat' dir='ltr'><strong>ael</strong></span> <span class='ocrx_word' id='word_1_138' title='bbox 950 1864 1010 1915; x_wconf 72' lang='lat' dir='ltr'><strong>quae</strong></span> <span class='ocrx_word' id='word_1_139' title='bbox 1025 1850 1151 1916; x_wconf 74' lang='lat' dir='ltr'><strong>Vopiscus,</strong></span> <span class='ocrx_word' id='word_1_140' title='bbox 1171 1852 1257 1914; x_wconf 81' lang='lat' dir='ltr'><strong>Vides,</strong></span> <span class='ocrx_word' id='word_1_141' title='bbox 1273 1851 1324 1914; x_wconf 90' lang='lat' dir='ltr'><strong>ait,</strong></span> 
     </span>
     <span class='ocr_line' id='line_1_15' title="bbox 294 1932 1325 1999; baseline 0.002 -15"><span class='ocrx_word' id='word_1_142' title='bbox 294 1951 354 1983; x_wconf 81' lang='lat' dir='ltr'><strong>aem</strong></span> <span class='ocrx_word' id='word_1_143' title='bbox 369 1936 422 1983; x_wconf 80' lang='lat' dir='ltr'><strong>aiei</strong></span> <span class='ocrx_word' id='word_1_144' title='bbox 436 1943 462 1984; x_wconf 85' lang='lat' dir='ltr'><strong>et</strong></span> <span class='ocrx_word' id='word_1_145' title='bbox 478 1934 561 1999; x_wconf 75' lang='lat' dir='ltr'><strong>equiti</strong></span> <span class='ocrx_word' id='word_1_146' title='bbox 569 1941 596 1981; x_wconf 84' lang='lat' dir='ltr'><strong>et</strong></span> <span class='ocrx_word' id='word_1_147' title='bbox 612 1934 711 1981; x_wconf 77' lang='lat' dir='ltr'><strong>tribano</strong></span> <span class='ocrx_word' id='word_1_148' title='bbox 725 1932 795 1980; x_wconf 82' lang='lat' dir='ltr'><strong>miii·</strong></span> <span class='ocrx_word' id='word_1_149' title='bbox 826 1932 889 1994; x_wconf 80' lang='lat' dir='ltr'><strong>qnod</strong></span> <span class='ocrx_word' id='word_1_150' title='bbox 901 1940 955 1981; x_wconf 78' lang='lat' dir='ltr'><strong>tata</strong></span> <span class='ocrx_word' id='word_1_151' title='bbox 970 1935 1076 1997; x_wconf 81' lang='lat' dir='ltr'><strong>epistola</strong></span> <span class='ocrx_word' id='word_1_152' title='bbox 1090 1938 1264 1985; x_wconf 82' lang='lat' dir='ltr'><strong>maiereosaas</strong></span> <span class='ocrx_word' id='word_1_153' title='bbox 1276 1937 1325 1985; x_wconf 76' lang='lat' dir='ltr'><strong>lia·</strong></span> 
     </span>
     <span class='ocr_line' id='line_1_16' title="bbox 295 2014 1323 2087; baseline 0.001 -18"><span class='ocrx_word' id='word_1_154' title='bbox 295 2029 350 2068; x_wconf 84' lang='lat' dir='ltr'><strong>tam</strong></span> <span class='ocrx_word' id='word_1_155' title='bbox 357 2021 405 2081; x_wconf 82' lang='lat' dir='ltr'><strong>fas</strong></span> <span class='ocrx_word' id='word_1_156' title='bbox 425 2028 481 2069; x_wconf 81' lang='lat' dir='ltr'><strong>erat</strong></span> <span class='ocrx_word' id='word_1_157' title='bbox 501 2022 583 2068; x_wconf 80' lang='lat' dir='ltr'><strong>dicere</strong></span> <span class='ocrx_word' id='word_1_158' title='bbox 604 2014 680 2066; x_wconf 74' lang='lat' dir='ltr'><strong>nostri</strong></span> <span class='ocrx_word' id='word_1_159' title='bbox 700 2018 794 2082; x_wconf 79' lang='lat' dir='ltr'><strong>proavi;</strong></span> <span class='ocrx_word' id='word_1_160' title='bbox 828 2032 912 2066; x_wconf 81' lang='lat' dir='ltr'><strong>manos</strong></span> <span class='ocrx_word' id='word_1_161' title='bbox 929 2020 985 2066; x_wconf 79' lang='lat' dir='ltr'><strong>velt</strong></span> <span class='ocrx_word' id='word_1_162' title='bbox 998 2020 1123 2085; x_wconf 75' lang='lat' dir='ltr'><strong>intelligi.</strong></span> <span class='ocrx_word' id='word_1_163' title='bbox 1147 2022 1209 2084; x_wconf 85' lang='lat' dir='ltr'><strong>Hoc,</strong></span> <span class='ocrx_word' id='word_1_164' title='bbox 1225 2024 1323 2087; x_wconf 89' lang='lat' dir='ltr'><strong>opinor,</strong></span> 
     </span>
     <span class='ocr_line' id='line_1_17' title="bbox 293 2091 1324 2169; baseline 0.002 -15"><span class='ocrx_word' id='word_1_165' title='bbox 293 2091 496 2169; x_wconf 62' lang='lat' dir='ltr'><strong>pomeranam</strong></span> <span class='ocrx_word' id='word_1_166' title='bbox 520 2106 627 2165; x_wconf 77' lang='lat' dir='ltr'><strong>Seneca,</strong></span> <span class='ocrx_word' id='word_1_167' title='bbox 653 2118 796 2166; x_wconf 68' lang='lat' dir='ltr'><strong>poemenem</strong></span> <span class='ocrx_word' id='word_1_168' title='bbox 827 2101 951 2166; x_wconf 84' lang='lat' dir='ltr'><strong>exemplo,</strong></span> <span class='ocrx_word' id='word_1_169' title='bbox 967 2098 1099 2152; x_wconf 77' lang='lat' dir='ltr'><strong>si&#39;nestree</strong></span> <span class='ocrx_word' id='word_1_170' title='bbox 1107 2121 1214 2169; x_wconf 82' lang='lat' dir='ltr'><strong>proavos</strong></span> <span class='ocrx_word' id='word_1_171' title='bbox 1228 2107 1324 2156; x_wconf 80' lang='lat' dir='ltr'><strong>Flaccus</strong></span> 
     </span>
     <span class='ocr_line' id='line_1_18' title="bbox 292 2186 1325 2256; baseline -0.001 -15"><span class='ocrx_word' id='word_1_172' title='bbox 292 2192 507 2256; x_wconf 60' lang='lat' dir='ltr'><strong>nonagenario,</strong></span> <span class='ocrx_word' id='word_1_173' title='bbox 523 2190 610 2240; x_wconf 85' lang='lat' dir='ltr'><strong>nostris</strong></span> <span class='ocrx_word' id='word_1_174' title='bbox 617 2186 745 2236; x_wconf 85' lang='lat' dir='ltr'><strong>maioribus</strong></span> <span class='ocrx_word' id='word_1_175' title='bbox 753 2188 792 2235; x_wconf 78' lang='lat' dir='ltr'><strong>di·</strong></span> <span class='ocrx_word' id='word_1_176' title='bbox 823 2186 967 2252; x_wconf 72' lang='lat' dir='ltr'><strong>appellasset</strong></span> <span class='ocrx_word' id='word_1_177' title='bbox 985 2189 1028 2254; x_wconf 78' lang='lat' dir='ltr'><strong>qui</strong></span> <span class='ocrx_word' id='word_1_178' title='bbox 1044 2187 1102 2238; x_wconf 85' lang='lat' dir='ltr'><strong>olim</strong></span> <span class='ocrx_word' id='word_1_179' title='bbox 1119 2192 1146 2239; x_wconf 88' lang='lat' dir='ltr'><strong>in</strong></span> <span class='ocrx_word' id='word_1_180' title='bbox 1166 2208 1236 2239; x_wconf 80' lang='lat' dir='ltr'><strong>scena</strong></span> <span class='ocrx_word' id='word_1_181' title='bbox 1254 2191 1325 2240; x_wconf 85' lang='lat' dir='ltr'><strong>Plau·</strong></span> 
     </span>
     <span class='ocr_line' id='line_1_19' title="bbox 291 2270 1323 2343; baseline 0.002 -19"><span class='ocrx_word' id='word_1_182' title='bbox 291 2279 343 2325; x_wconf 82' lang='lat' dir='ltr'><strong>ait.</strong></span> <span class='ocrx_word' id='word_1_183' title='bbox 360 2276 447 2342; x_wconf 71' lang='lat' dir='ltr'><strong>Atqui,</strong></span> <span class='ocrx_word' id='word_1_184' title='bbox 464 2293 478 2323; x_wconf 97' lang='lat' dir='ltr'><strong>o</strong></span> <span class='ocrx_word' id='word_1_185' title='bbox 498 2273 573 2336; x_wconf 90' lang='lat' dir='ltr'><strong>bone,</strong></span> <span class='ocrx_word' id='word_1_186' title='bbox 595 2290 642 2322; x_wconf 90' lang='lat' dir='ltr'><strong>non</strong></span> <span class='ocrx_word' id='word_1_187' title='bbox 654 2274 735 2324; x_wconf 81' lang='lat' dir='ltr'><strong>vestri</strong></span> <span class='ocrx_word' id='word_1_188' title='bbox 749 2270 792 2321; x_wconf 80' lang='lat' dir='ltr'><strong>sed</strong></span> <span class='ocrx_word' id='word_1_189' title='bbox 826 2274 888 2320; x_wconf 89' lang='lat' dir='ltr'><strong>tinas</strong></span> <span class='ocrx_word' id='word_1_190' title='bbox 904 2271 998 2321; x_wconf 86' lang='lat' dir='ltr'><strong>fabulas</strong></span> <span class='ocrx_word' id='word_1_191' title='bbox 1019 2272 1129 2324; x_wconf 77' lang='lat' dir='ltr'><strong>admirati</strong></span> <span class='ocrx_word' id='word_1_192' title='bbox 1147 2286 1216 2339; x_wconf 89' lang='lat' dir='ltr'><strong>sunt,</strong></span> <span class='ocrx_word' id='word_1_193' title='bbox 1238 2279 1323 2343; x_wconf 86' lang='lat' dir='ltr'><strong>utique</strong></span> 
     </span>
     <span class='ocr_line' id='line_1_20' title="bbox 292 2357 1324 2421; baseline 0.001 -10"><span class='ocrx_word' id='word_1_194' title='bbox 292 2361 355 2411; x_wconf 82' lang='lat' dir='ltr'><strong>illut</strong></span> <span class='ocrx_word' id='word_1_195' title='bbox 365 2372 434 2411; x_wconf 92' lang='lat' dir='ltr'><strong>tuum</strong></span> <span class='ocrx_word' id='word_1_196' title='bbox 441 2357 727 2421; x_wconf 76' lang='lat' dir='ltr'><strong>aestriaeorreetoribus</strong></span> <span class='ocrx_word' id='word_1_197' title='bbox 741 2367 789 2416; x_wconf 89' lang='lat' dir='ltr'><strong>est;</strong></span> <span class='ocrx_word' id='word_1_198' title='bbox 823 2359 930 2406; x_wconf 84' lang='lat' dir='ltr'><strong>maiores</strong></span> <span class='ocrx_word' id='word_1_199' title='bbox 949 2375 1007 2407; x_wconf 80' lang='lat' dir='ltr'><strong>suos</strong></span> <span class='ocrx_word' id='word_1_200' title='bbox 1022 2360 1143 2408; x_wconf 81' lang='lat' dir='ltr'><strong>Raaaaoe</strong></span> <span class='ocrx_word' id='word_1_201' title='bbox 1156 2360 1270 2411; x_wconf 80' lang='lat' dir='ltr'><strong>voluisset</strong></span> <span class='ocrx_word' id='word_1_202' title='bbox 1287 2365 1324 2411; x_wconf 87' lang='lat' dir='ltr'><strong>in-</strong></span> 
     </span>
     <span class='ocr_line' id='line_1_21' title="bbox 293 2433 1322 2514; baseline -0.001 -17"><span class='ocrx_word' id='word_1_203' title='bbox 293 2465 346 2497; x_wconf 86' lang='lat' dir='ltr'><strong>enm</strong></span> <span class='ocrx_word' id='word_1_204' title='bbox 363 2458 388 2497; x_wconf 88' lang='lat' dir='ltr'><strong>et</strong></span> <span class='ocrx_word' id='word_1_205' title='bbox 404 2448 488 2514; x_wconf 86' lang='lat' dir='ltr'><strong>scripti</strong></span> <span class='ocrx_word' id='word_1_206' title='bbox 502 2445 560 2495; x_wconf 88' lang='lat' dir='ltr'><strong>libri</strong></span> <span class='ocrx_word' id='word_1_207' title='bbox 576 2455 601 2494; x_wconf 88' lang='lat' dir='ltr'><strong>et</strong></span> <span class='ocrx_word' id='word_1_208' title='bbox 619 2445 730 2510; x_wconf 85' lang='lat' dir='ltr'><strong>primitus</strong></span> <span class='ocrx_word' id='word_1_209' title='bbox 743 2444 795 2491; x_wconf 87' lang='lat' dir='ltr'><strong>ensi</strong></span> <span class='ocrx_word' id='word_1_210' title='bbox 826 2442 914 2508; x_wconf 80' lang='lat' dir='ltr'><strong>telligi.</strong></span> <span class='ocrx_word' id='word_1_211' title='bbox 930 2443 977 2491; x_wconf 84' lang='lat' dir='ltr'><strong>Sed</strong></span> <span class='ocrx_word' id='word_1_212' title='bbox 992 2452 1066 2493; x_wconf 89' lang='lat' dir='ltr'><strong>totam</strong></span> <span class='ocrx_word' id='word_1_213' title='bbox 1085 2433 1147 2494; x_wconf 74' lang='lat' dir='ltr'><strong>liano</strong></span> <span class='ocrx_word' id='word_1_214' title='bbox 1162 2449 1322 2513; x_wconf 74' lang='lat' dir='ltr'><strong>quaesfimem</strong></span> 
     </span>
     <span class='ocr_line' id='line_1_22' title="bbox 291 2526 1323 2600; baseline 0 -17"><span class='ocrx_word' id='word_1_215' title='bbox 291 2537 501 2600; x_wconf 83' lang='lat' dir='ltr'><strong>priusagnoseant.</strong></span> <span class='ocrx_word' id='word_1_216' title='bbox 518 2530 620 2579; x_wconf 83' lang='lat' dir='ltr'><strong>Senecae</strong></span> <span class='ocrx_word' id='word_1_217' title='bbox 635 2545 691 2576; x_wconf 86' lang='lat' dir='ltr'><strong>vero</strong></span> <span class='ocrx_word' id='word_1_218' title='bbox 701 2526 793 2577; x_wconf 86' lang='lat' dir='ltr'><strong>dietum</strong></span> <span class='ocrx_word' id='word_1_219' title='bbox 824 2536 852 2575; x_wconf 93' lang='lat' dir='ltr'><strong>ut</strong></span> <span class='ocrx_word' id='word_1_220' title='bbox 876 2527 987 2576; x_wconf 89' lang='lat' dir='ltr'><strong>inutilem</strong></span> <span class='ocrx_word' id='word_1_221' title='bbox 1008 2529 1121 2578; x_wconf 78' lang='lat' dir='ltr'><strong>rescindit</strong></span> <span class='ocrx_word' id='word_1_222' title='bbox 1137 2531 1269 2582; x_wconf 80' lang='lat' dir='ltr'><strong>Breierius:</strong></span> <span class='ocrx_word' id='word_1_223' title='bbox 1285 2536 1323 2582; x_wconf 89' lang='lat' dir='ltr'><strong>ni·</strong></span> 
     </span>
     <span class='ocr_line' id='line_1_23' title="bbox 291 2611 1322 2683; baseline 0 -16"><span class='ocrx_word' id='word_1_224' title='bbox 291 2619 340 2667; x_wconf 85' lang='lat' dir='ltr'><strong>huo</strong></span> <span class='ocrx_word' id='word_1_225' title='bbox 356 2616 510 2683; x_wconf 83' lang='lat' dir='ltr'><strong>pertrahere,</strong></span> <span class='ocrx_word' id='word_1_226' title='bbox 527 2624 552 2662; x_wconf 88' lang='lat' dir='ltr'><strong>et</strong></span> <span class='ocrx_word' id='word_1_227' title='bbox 564 2623 593 2661; x_wconf 91' lang='lat' dir='ltr'><strong>ut</strong></span> <span class='ocrx_word' id='word_1_228' title='bbox 605 2628 649 2678; x_wconf 81' lang='lat' dir='ltr'><strong>prr</strong></span> <span class='ocrx_word' id='word_1_229' title='bbox 663 2612 702 2660; x_wconf 84' lang='lat' dir='ltr'><strong>rel</strong></span> <span class='ocrx_word' id='word_1_230' title='bbox 714 2611 792 2660; x_wconf 89' lang='lat' dir='ltr'><strong>simile</strong></span> <span class='ocrx_word' id='word_1_231' title='bbox 824 2613 910 2671; x_wconf 87' lang='lat' dir='ltr'><strong>mirum</strong></span> <span class='ocrx_word' id='word_1_232' title='bbox 933 2615 1016 2661; x_wconf 79' lang='lat' dir='ltr'><strong>nestri</strong></span> <span class='ocrx_word' id='word_1_233' title='bbox 1039 2612 1167 2680; x_wconf 80' lang='lat' dir='ltr'><strong>legendum</strong></span> <span class='ocrx_word' id='word_1_234' title='bbox 1192 2635 1253 2676; x_wconf 84' lang='lat' dir='ltr'><strong>esse;</strong></span> <span class='ocrx_word' id='word_1_235' title='bbox 1274 2636 1322 2667; x_wconf 89' lang='lat' dir='ltr'><strong>non</strong></span> 
     </span>
     <span class='ocr_line' id='line_1_24' title="bbox 293 2697 1322 2769; baseline 0.002 -17"><span class='ocrx_word' id='word_1_236' title='bbox 293 2699 351 2752; x_wconf 88' lang='lat' dir='ltr'><strong>huie</strong></span> <span class='ocrx_word' id='word_1_237' title='bbox 371 2716 517 2769; x_wconf 87' lang='lat' dir='ltr'><strong>proponere,</strong></span> <span class='ocrx_word' id='word_1_238' title='bbox 542 2701 610 2748; x_wconf 87' lang='lat' dir='ltr'><strong>ouius</strong></span> <span class='ocrx_word' id='word_1_239' title='bbox 634 2707 670 2746; x_wconf 88' lang='lat' dir='ltr'><strong>est</strong></span> <span class='ocrx_word' id='word_1_240' title='bbox 685 2697 791 2746; x_wconf 76' lang='lat' dir='ltr'><strong>iudicii?</strong></span> <span class='ocrx_word' id='word_1_241' title='bbox 823 2706 902 2745; x_wconf 83' lang='lat' dir='ltr'><strong>temen</strong></span> <span class='ocrx_word' id='word_1_242' title='bbox 931 2697 1023 2747; x_wconf 76' lang='lat' dir='ltr'><strong>Horatii</strong></span> <span class='ocrx_word' id='word_1_243' title='bbox 1047 2698 1124 2764; x_wconf 80' lang='lat' dir='ltr'><strong>haee,</strong></span> <span class='ocrx_word' id='word_1_244' title='bbox 1150 2703 1192 2752; x_wconf 87' lang='lat' dir='ltr'><strong>sed</strong></span> <span class='ocrx_word' id='word_1_245' title='bbox 1215 2706 1322 2754; x_wconf 88' lang='lat' dir='ltr'><strong>Pisonum</strong></span> 
     </span>
     <span class='ocr_line' id='line_1_25' title="bbox 293 2781 1323 2855; baseline 0 -18"><span class='ocrx_word' id='word_1_246' title='bbox 293 2790 368 2855; x_wconf 82' lang='lat' dir='ltr'><strong>Epist.</strong></span> <span class='ocrx_word' id='word_1_247' title='bbox 381 2787 431 2836; x_wconf 86' lang='lat' dir='ltr'><strong>lad</strong></span> <span class='ocrx_word' id='word_1_248' title='bbox 438 2785 572 2835; x_wconf 83' lang='lat' dir='ltr'><strong>Lucilium:</strong></span> <span class='ocrx_word' id='word_1_249' title='bbox 591 2786 629 2833; x_wconf 73' lang='lat' dir='ltr'><strong>ile</strong></span> <span class='ocrx_word' id='word_1_250' title='bbox 639 2784 792 2834; x_wconf 82' lang='lat' dir='ltr'><strong>tameamaio</strong></span> <span class='ocrx_word' id='word_1_251' title='bbox 824 2798 874 2830; x_wconf 86' lang='lat' dir='ltr'><strong>esse</strong></span> <span class='ocrx_word' id='word_1_252' title='bbox 888 2781 976 2846; x_wconf 83' lang='lat' dir='ltr'><strong>rerba,</strong></span> <span class='ocrx_word' id='word_1_253' title='bbox 993 2785 1036 2849; x_wconf 73' lang='lat' dir='ltr'><strong>qui</strong></span> <span class='ocrx_word' id='word_1_254' title='bbox 1051 2788 1131 2850; x_wconf 85' lang='lat' dir='ltr'><strong>priora</strong></span> <span class='ocrx_word' id='word_1_255' title='bbox 1144 2788 1188 2836; x_wconf 89' lang='lat' dir='ltr'><strong>illa</strong></span> <span class='ocrx_word' id='word_1_256' title='bbox 1201 2788 1230 2838; x_wconf 90' lang='lat' dir='ltr'><strong>de</strong></span> <span class='ocrx_word' id='word_1_257' title='bbox 1244 2806 1323 2839; x_wconf 86' lang='lat' dir='ltr'><strong>exem·</strong></span> 
     </span>
     <span class='ocr_line' id='line_1_26' title="bbox 291 2866 1323 2940; baseline 0.001 -17"><span class='ocrx_word' id='word_1_258' title='bbox 291 2889 375 2923; x_wconf 70' lang='lat' dir='ltr'><strong>aerem</strong></span> <span class='ocrx_word' id='word_1_259' title='bbox 391 2880 449 2935; x_wconf 79' lang='lat' dir='ltr'><strong>tua,</strong></span> <span class='ocrx_word' id='word_1_260' title='bbox 465 2878 491 2920; x_wconf 85' lang='lat' dir='ltr'><strong>et</strong></span> <span class='ocrx_word' id='word_1_261' title='bbox 507 2871 565 2919; x_wconf 75' lang='lat' dir='ltr'><strong>borso</strong></span> <span class='ocrx_word' id='word_1_262' title='bbox 579 2876 683 2933; x_wconf 79' lang='lat' dir='ltr'><strong>tempore</strong></span> <span class='ocrx_word' id='word_1_263' title='bbox 699 2870 795 2916; x_wconf 80' lang='lat' dir='ltr'><strong>atiin·</strong></span> <span class='ocrx_word' id='word_1_264' title='bbox 827 2866 934 2932; x_wconf 79' lang='lat' dir='ltr'><strong>pleribus</strong></span> <span class='ocrx_word' id='word_1_265' title='bbox 965 2869 1059 2918; x_wconf 85' lang='lat' dir='ltr'><strong>Graecis</strong></span> <span class='ocrx_word' id='word_1_266' title='bbox 1088 2873 1222 2923; x_wconf 82' lang='lat' dir='ltr'><strong>evolvendis</strong></span> <span class='ocrx_word' id='word_1_267' title='bbox 1244 2876 1323 2940; x_wconf 90' lang='lat' dir='ltr'><strong>impu·</strong></span> 
     </span>
     <span class='ocr_line' id='line_1_27' title="bbox 290 2953 1322 3026; baseline 0.003 -20"><span class='ocrx_word' id='word_1_268' title='bbox 290 2961 388 3025; x_wconf 78' lang='lat' dir='ltr'><strong>eipiae:</strong></span> <span class='ocrx_word' id='word_1_269' title='bbox 404 2974 476 3020; x_wconf 82' lang='lat' dir='ltr'><strong>nara,</strong></span> <span class='ocrx_word' id='word_1_270' title='bbox 493 2963 524 3004; x_wconf 81' lang='lat' dir='ltr'><strong>at</strong></span> <span class='ocrx_word' id='word_1_271' title='bbox 539 2957 620 3004; x_wconf 69' lang='lat' dir='ltr'><strong>visam</strong></span> <span class='ocrx_word' id='word_1_272' title='bbox 640 2961 680 3002; x_wconf 78' lang='lat' dir='ltr'><strong>eri</strong></span> <span class='ocrx_word' id='word_1_273' title='bbox 691 2955 794 3000; x_wconf 72' lang='lat' dir='ltr'><strong>areimi-</strong></span> <span class='ocrx_word' id='word_1_274' title='bbox 826 2964 912 3018; x_wconf 80' lang='lat' dir='ltr'><strong>gnant:</strong></span> <span class='ocrx_word' id='word_1_275' title='bbox 929 2953 1017 3019; x_wconf 76' lang='lat' dir='ltr'><strong>quibus</strong></span> <span class='ocrx_word' id='word_1_276' title='bbox 1034 2955 1078 3004; x_wconf 87' lang='lat' dir='ltr'><strong>ille</strong></span> <span class='ocrx_word' id='word_1_277' title='bbox 1100 2960 1211 3007; x_wconf 88' lang='lat' dir='ltr'><strong>continuo</strong></span> <span class='ocrx_word' id='word_1_278' title='bbox 1226 2976 1322 3026; x_wconf 89' lang='lat' dir='ltr'><strong>respon·</strong></span> 
     </span>
     <span class='ocr_line' id='line_1_28' title="bbox 290 3036 1321 3110; baseline 0 -17"><span class='ocrx_word' id='word_1_279' title='bbox 290 3045 458 3106; x_wconf 70' lang='lat' dir='ltr'><strong>emerseris,</strong></span> <span class='ocrx_word' id='word_1_280' title='bbox 474 3037 791 3106; x_wconf 78' lang='lat' dir='ltr'><strong>seraparee&#39;maniaiafun·</strong></span> <span class='ocrx_word' id='word_1_281' title='bbox 823 3036 872 3100; x_wconf 84' lang='lat' dir='ltr'><strong>det,</strong></span> <span class='ocrx_word' id='word_1_282' title='bbox 896 3039 1013 3089; x_wconf 82' lang='lat' dir='ltr'><strong>Nimiam</strong></span> <span class='ocrx_word' id='word_1_283' title='bbox 1032 3043 1164 3105; x_wconf 80' lang='lat' dir='ltr'><strong>patienter</strong></span> <span class='ocrx_word' id='word_1_284' title='bbox 1183 3053 1321 3110; x_wconf 79' lang='lat' dir='ltr'><strong>atramque.</strong></span> 
     </span>
     <span class='ocr_line' id='line_1_29' title="bbox 292 3120 1322 3196; baseline 0.002 -17"><span class='ocrx_word' id='word_1_285' title='bbox 292 3131 383 3179; x_wconf 79' lang='lat' dir='ltr'><strong>deest.</strong></span> <span class='ocrx_word' id='word_1_286' title='bbox 399 3130 500 3193; x_wconf 82' lang='lat' dir='ltr'><strong>Quinem</strong></span> <span class='ocrx_word' id='word_1_287' title='bbox 514 3125 555 3175; x_wconf 86' lang='lat' dir='ltr'><strong>hie</strong></span> <span class='ocrx_word' id='word_1_288' title='bbox 570 3120 697 3173; x_wconf 79' lang='lat' dir='ltr'><strong>maiores?</strong></span> <span class='ocrx_word' id='word_1_289' title='bbox 713 3139 744 3171; x_wconf 89' lang='lat' dir='ltr'><strong>an</strong></span> <span class='ocrx_word' id='word_1_290' title='bbox 757 3121 793 3172; x_wconf 85' lang='lat' dir='ltr'><strong>di·</strong></span> <span class='ocrx_word' id='word_1_291' title='bbox 824 3123 901 3190; x_wconf 77' lang='lat' dir='ltr'><strong>itque</strong></span> <span class='ocrx_word' id='word_1_292' title='bbox 920 3124 965 3174; x_wconf 88' lang='lat' dir='ltr'><strong>hoe</strong></span> <span class='ocrx_word' id='word_1_293' title='bbox 981 3125 1075 3175; x_wconf 87' lang='lat' dir='ltr'><strong>demum</strong></span> <span class='ocrx_word' id='word_1_294' title='bbox 1096 3129 1140 3177; x_wconf 90' lang='lat' dir='ltr'><strong>ille</strong></span> <span class='ocrx_word' id='word_1_295' title='bbox 1155 3133 1322 3196; x_wconf 67' lang='lat' dir='ltr'><strong>praemium</strong></span> 
     </span>
     <span class='ocr_line' id='line_1_30' title="bbox 290 3205 1322 3274; baseline 0.004 -11"><span class='ocrx_word' id='word_1_296' title='bbox 290 3213 411 3263; x_wconf 86' lang='lat' dir='ltr'><strong>etumhoe</strong></span> <span class='ocrx_word' id='word_1_297' title='bbox 426 3221 508 3273; x_wconf 81' lang='lat' dir='ltr'><strong>vetus,</strong></span> <span class='ocrx_word' id='word_1_298' title='bbox 525 3207 663 3259; x_wconf 84' lang='lat' dir='ltr'><strong>exllesiodo</strong></span> <span class='ocrx_word' id='word_1_299' title='bbox 679 3206 790 3270; x_wconf 84' lang='lat' dir='ltr'><strong>ductum,</strong></span> <span class='ocrx_word' id='word_1_300' title='bbox 824 3205 940 3274; x_wconf 83' lang='lat' dir='ltr'><strong>quandam</strong></span> <span class='ocrx_word' id='word_1_301' title='bbox 961 3208 1018 3259; x_wconf 87' lang='lat' dir='ltr'><strong>huie</strong></span> <span class='ocrx_word' id='word_1_302' title='bbox 1042 3211 1093 3261; x_wconf 88' lang='lat' dir='ltr'><strong>loeo</strong></span> <span class='ocrx_word' id='word_1_303' title='bbox 1108 3230 1218 3264; x_wconf 83' lang='lat' dir='ltr'><strong>venerem</strong></span> <span class='ocrx_word' id='word_1_304' title='bbox 1233 3234 1322 3267; x_wconf 87' lang='lat' dir='ltr'><strong>aceres·</strong></span> 
     </span>
     <span class='ocr_line' id='line_1_31' title="bbox 290 3292 1322 3366; baseline 0.004 -19"><span class='ocrx_word' id='word_1_305' title='bbox 290 3297 322 3348; x_wconf 83' lang='lat' dir='ltr'><strong>ad</strong></span> <span class='ocrx_word' id='word_1_306' title='bbox 337 3297 399 3347; x_wconf 82' lang='lat' dir='ltr'><strong>solos</strong></span> <span class='ocrx_word' id='word_1_307' title='bbox 411 3300 532 3346; x_wconf 76' lang='lat' dir='ltr'><strong>Hermann</strong></span> <span class='ocrx_word' id='word_1_308' title='bbox 546 3292 681 3344; x_wconf 76' lang='lat' dir='ltr'><strong>attinebat?</strong></span> <span class='ocrx_word' id='word_1_309' title='bbox 695 3308 790 3356; x_wconf 83' lang='lat' dir='ltr'><strong>rerum,</strong></span> <span class='ocrx_word' id='word_1_310' title='bbox 823 3310 876 3341; x_wconf 89' lang='lat' dir='ltr'><strong>eere</strong></span> <span class='ocrx_word' id='word_1_311' title='bbox 892 3303 970 3358; x_wconf 88' lang='lat' dir='ltr'><strong>putat.</strong></span> <span class='ocrx_word' id='word_1_312' title='bbox 987 3295 1060 3345; x_wconf 87' lang='lat' dir='ltr'><strong>Suum</strong></span> <span class='ocrx_word' id='word_1_313' title='bbox 1076 3299 1167 3348; x_wconf 86' lang='lat' dir='ltr'><strong>seilicet</strong></span> <span class='ocrx_word' id='word_1_314' title='bbox 1183 3302 1269 3366; x_wconf 78' lang='lat' dir='ltr'><strong>cuique</strong></span> <span class='ocrx_word' id='word_1_315' title='bbox 1285 3311 1322 3351; x_wconf 90' lang='lat' dir='ltr'><strong>est</strong></span> 
     </span>
     <span class='ocr_line' id='line_1_32' title="bbox 289 3377 1323 3448; baseline 0.003 -16"><span class='ocrx_word' id='word_1_316' title='bbox 289 3392 340 3432; x_wconf 88' lang='lat' dir='ltr'><strong>esto</strong></span> <span class='ocrx_word' id='word_1_317' title='bbox 353 3392 382 3431; x_wconf 91' lang='lat' dir='ltr'><strong>ut</strong></span> <span class='ocrx_word' id='word_1_318' title='bbox 397 3381 428 3430; x_wconf 78' lang='lat' dir='ltr'><strong>ad</strong></span> <span class='ocrx_word' id='word_1_319' title='bbox 444 3398 483 3430; x_wconf 89' lang='lat' dir='ltr'><strong>eos</strong></span> <span class='ocrx_word' id='word_1_320' title='bbox 498 3379 572 3429; x_wconf 90' lang='lat' dir='ltr'><strong>solos:</strong></span> <span class='ocrx_word' id='word_1_321' title='bbox 588 3379 690 3442; x_wconf 88' lang='lat' dir='ltr'><strong>Seneoa,</strong></span> <span class='ocrx_word' id='word_1_322' title='bbox 707 3389 735 3427; x_wconf 91' lang='lat' dir='ltr'><strong>ut</strong></span> <span class='ocrx_word' id='word_1_323' title='bbox 748 3397 791 3428; x_wconf 90' lang='lat' dir='ltr'><strong>no·</strong></span> <span class='ocrx_word' id='word_1_324' title='bbox 822 3377 945 3427; x_wconf 88' lang='lat' dir='ltr'><strong>iudicium.</strong></span> <span class='ocrx_word' id='word_1_325' title='bbox 962 3380 1020 3428; x_wconf 87' lang='lat' dir='ltr'><strong>Nam</strong></span> <span class='ocrx_word' id='word_1_326' title='bbox 1038 3382 1101 3448; x_wconf 83' lang='lat' dir='ltr'><strong>quod</strong></span> <span class='ocrx_word' id='word_1_327' title='bbox 1114 3383 1171 3433; x_wconf 85' lang='lat' dir='ltr'><strong>huie</strong></span> <span class='ocrx_word' id='word_1_328' title='bbox 1184 3395 1232 3433; x_wconf 88' lang='lat' dir='ltr'><strong>taur</strong></span> <span class='ocrx_word' id='word_1_329' title='bbox 1247 3402 1323 3436; x_wconf 86' lang='lat' dir='ltr'><strong>venu-</strong></span> 
     </span>
     <span class='ocr_line' id='line_1_33' title="bbox 288 3467 1322 3541; baseline 0.004 -23"><span class='ocrx_word' id='word_1_330' title='bbox 288 3480 341 3518; x_wconf 88' lang='lat' dir='ltr'><strong>tum</strong></span> <span class='ocrx_word' id='word_1_331' title='bbox 358 3477 407 3531; x_wconf 87' lang='lat' dir='ltr'><strong>est,</strong></span> <span class='ocrx_word' id='word_1_332' title='bbox 426 3468 530 3533; x_wconf 76' lang='lat' dir='ltr'><strong>equestri</strong></span> <span class='ocrx_word' id='word_1_333' title='bbox 545 3480 631 3531; x_wconf 84' lang='lat' dir='ltr'><strong>genere</strong></span> <span class='ocrx_word' id='word_1_334' title='bbox 648 3472 684 3514; x_wconf 88' lang='lat' dir='ltr'><strong>est</strong></span> <span class='ocrx_word' id='word_1_335' title='bbox 705 3475 785 3527; x_wconf 89' lang='lat' dir='ltr'><strong>ortus,</strong></span> <span class='ocrx_word' id='word_1_336' title='bbox 818 3472 881 3511; x_wconf 89' lang='lat' dir='ltr'><strong>stum</strong></span> <span class='ocrx_word' id='word_1_337' title='bbox 903 3473 952 3527; x_wconf 86' lang='lat' dir='ltr'><strong>est,</strong></span> <span class='ocrx_word' id='word_1_338' title='bbox 978 3483 992 3515; x_wconf 84' lang='lat' dir='ltr'><strong>a</strong></span> <span class='ocrx_word' id='word_1_339' title='bbox 1015 3467 1106 3541; x_wconf 79' lang='lat' dir='ltr'><strong>Griiolo</strong></span> <span class='ocrx_word' id='word_1_340' title='bbox 1127 3470 1184 3517; x_wconf 88' lang='lat' dir='ltr'><strong>olim</strong></span> <span class='ocrx_word' id='word_1_341' title='bbox 1201 3475 1322 3539; x_wconf 78' lang='lat' dir='ltr'><strong>excogita·</strong></span> 
     </span>
     <span class='ocr_line' id='line_1_34' title="bbox 289 3547 1320 3622; baseline 0.002 -18"><span class='ocrx_word' id='word_1_342' title='bbox 289 3553 425 3616; x_wconf 70' lang='lat' dir='ltr'><strong>CorduBae,</strong></span> <span class='ocrx_word' id='word_1_343' title='bbox 439 3551 544 3602; x_wconf 80' lang='lat' dir='ltr'><strong>coloniae</strong></span> <span class='ocrx_word' id='word_1_344' title='bbox 557 3551 644 3599; x_wconf 86' lang='lat' dir='ltr'><strong>veteris</strong></span> <span class='ocrx_word' id='word_1_345' title='bbox 655 3550 788 3611; x_wconf 84' lang='lat' dir='ltr'><strong>Romanae,</strong></span> <span class='ocrx_word' id='word_1_346' title='bbox 821 3556 886 3611; x_wconf 88' lang='lat' dir='ltr'><strong>tum,</strong></span> <span class='ocrx_word' id='word_1_347' title='bbox 895 3547 1172 3610; x_wconf 79' lang='lat' dir='ltr'><strong>Victoriodurinsoulunr</strong></span> <span class='ocrx_word' id='word_1_348' title='bbox 1180 3557 1257 3605; x_wconf 79' lang='lat' dir='ltr'><strong>risum</strong></span> <span class='ocrx_word' id='word_1_349' title='bbox 1270 3568 1320 3622; x_wconf 90' lang='lat' dir='ltr'><strong>est,</strong></span> 
     </span>
     <span class='ocr_line' id='line_1_35' title="bbox 289 3631 1326 3706; baseline 0.004 -17"><span class='ocrx_word' id='word_1_350' title='bbox 289 3640 321 3689; x_wconf 87' lang='lat' dir='ltr'><strong>ob</strong></span> <span class='ocrx_word' id='word_1_351' title='bbox 338 3640 468 3706; x_wconf 86' lang='lat' dir='ltr'><strong>primorum</strong></span> <span class='ocrx_word' id='word_1_352' title='bbox 484 3636 618 3687; x_wconf 80' lang='lat' dir='ltr'><strong>salonarum</strong></span> <span class='ocrx_word' id='word_1_353' title='bbox 637 3633 790 3684; x_wconf 85' lang='lat' dir='ltr'><strong>nobilitetem</strong></span> <span class='ocrx_word' id='word_1_354' title='bbox 821 3631 874 3681; x_wconf 75' lang='lat' dir='ltr'><strong>Var-</strong></span> <span class='ocrx_word' id='word_1_355' title='bbox 896 3635 962 3684; x_wconf 85' lang='lat' dir='ltr'><strong>Leet.</strong></span> <span class='ocrx_word' id='word_1_356' title='bbox 984 3637 1037 3699; x_wconf 78' lang='lat' dir='ltr'><strong>XV,</strong></span> <span class='ocrx_word' id='word_1_357' title='bbox 1056 3640 1094 3686; x_wconf 77' lang='lat'><strong>1³.</strong></span> <span class='ocrx_word' id='word_1_358' title='bbox 1119 3638 1185 3688; x_wconf 71' lang='lat' dir='ltr'><strong>Adde</strong></span> <span class='ocrx_word' id='word_1_359' title='bbox 1200 3657 1273 3705; x_wconf 85' lang='lat' dir='ltr'><strong>vero,</strong></span> <span class='ocrx_word' id='word_1_360' title='bbox 1299 3645 1326 3700; x_wconf 84' lang='lat' dir='ltr'><strong>si</strong></span> 
     </span>
     <span class='ocr_line' id='line_1_36' title="bbox 290 3716 1321 3795; baseline 0.004 -21"><span class='ocrx_word' id='word_1_361' title='bbox 290 3726 406 3775; x_wconf 84' lang='lat' dir='ltr'><strong>Patriciae</strong></span> <span class='ocrx_word' id='word_1_362' title='bbox 420 3723 610 3790; x_wconf 76' lang='lat' dir='ltr'><strong>cognominatae3</strong></span> <span class='ocrx_word' id='word_1_363' title='bbox 628 3730 656 3768; x_wconf 87' lang='lat' dir='ltr'><strong>ut</strong></span> <span class='ocrx_word' id='word_1_364' title='bbox 672 3718 735 3767; x_wconf 84' lang='lat' dir='ltr'><strong>nilril</strong></span> <span class='ocrx_word' id='word_1_365' title='bbox 748 3716 790 3765; x_wconf 91' lang='lat' dir='ltr'><strong>ob·</strong></span> <span class='ocrx_word' id='word_1_366' title='bbox 821 3718 874 3781; x_wconf 83' lang='lat' dir='ltr'><strong>vis,</strong></span> <span class='ocrx_word' id='word_1_367' title='bbox 892 3729 916 3769; x_wconf 84' lang='lat' dir='ltr'><strong>et</strong></span> <span class='ocrx_word' id='word_1_368' title='bbox 929 3719 1134 3772; x_wconf 83' lang='lat' dir='ltr'><strong>absurdiuseulum</strong></span> <span class='ocrx_word' id='word_1_369' title='bbox 1146 3724 1234 3786; x_wconf 78' lang='lat' dir='ltr'><strong>videri3</strong></span> <span class='ocrx_word' id='word_1_370' title='bbox 1251 3745 1321 3795; x_wconf 87' lang='lat' dir='ltr'><strong>prae-</strong></span> 
     </span>
     <span class='ocr_line' id='line_1_37' title="bbox 290 3803 1320 3877; baseline 0.003 -18"><span class='ocrx_word' id='word_1_371' title='bbox 290 3821 354 3874; x_wconf 87' lang='lat' dir='ltr'><strong>stet,</strong></span> <span class='ocrx_word' id='word_1_372' title='bbox 371 3812 430 3877; x_wconf 84' lang='lat' dir='ltr'><strong>quin</strong></span> <span class='ocrx_word' id='word_1_373' title='bbox 445 3809 546 3857; x_wconf 87' lang='lat' dir='ltr'><strong>Senecae</strong></span> <span class='ocrx_word' id='word_1_374' title='bbox 559 3808 659 3856; x_wconf 87' lang='lat' dir='ltr'><strong>maiores</strong></span> <span class='ocrx_word' id='word_1_375' title='bbox 671 3803 710 3852; x_wconf 86' lang='lat' dir='ltr'><strong>vel</strong></span> <span class='ocrx_word' id='word_1_376' title='bbox 723 3803 791 3851; x_wconf 86' lang='lat' dir='ltr'><strong>alle·</strong></span> <span class='ocrx_word' id='word_1_377' title='bbox 824 3812 861 3851; x_wconf 90' lang='lat' dir='ltr'><strong>ter</strong></span> <span class='ocrx_word' id='word_1_378' title='bbox 876 3814 956 3855; x_wconf 79' lang='lat' dir='ltr'><strong>cetera</strong></span> <span class='ocrx_word' id='word_1_379' title='bbox 977 3808 1052 3870; x_wconf 87' lang='lat' dir='ltr'><strong>enim,</strong></span> <span class='ocrx_word' id='word_1_380' title='bbox 1073 3824 1134 3873; x_wconf 87' lang='lat' dir='ltr'><strong>quae</strong></span> <span class='ocrx_word' id='word_1_381' title='bbox 1155 3812 1240 3877; x_wconf 89' lang='lat' dir='ltr'><strong>mitto,</strong></span> <span class='ocrx_word' id='word_1_382' title='bbox 1264 3814 1320 3863; x_wconf 79' lang='lat' dir='ltr'><strong>vide</strong></span> 
     </span>
     <span class='ocr_line' id='line_1_38' title="bbox 290 3887 1320 3963; baseline 0.006 -21"><span class='ocrx_word' id='word_1_383' title='bbox 290 3897 360 3963; x_wconf 78' lang='lat' dir='ltr'><strong>gibus</strong></span> <span class='ocrx_word' id='word_1_384' title='bbox 379 3912 455 3962; x_wconf 72' lang='lat' dir='ltr'><strong>usque</strong></span> <span class='ocrx_word' id='word_1_385' title='bbox 470 3894 569 3943; x_wconf 84' lang='lat' dir='ltr'><strong>Romani</strong></span> <span class='ocrx_word' id='word_1_386' title='bbox 589 3890 689 3939; x_wconf 87' lang='lat' dir='ltr'><strong>suerint.</strong></span> <span class='ocrx_word' id='word_1_387' title='bbox 722 3887 790 3936; x_wconf 84' lang='lat' dir='ltr'><strong>Hune</strong></span> <span class='ocrx_word' id='word_1_388' title='bbox 821 3888 890 3938; x_wconf 75' lang='lat' dir='ltr'><strong>morlo</strong></span> <span class='ocrx_word' id='word_1_389' title='bbox 905 3890 961 3954; x_wconf 84' lang='lat' dir='ltr'><strong>illa,</strong></span> <span class='ocrx_word' id='word_1_390' title='bbox 975 3907 1036 3957; x_wconf 75' lang='lat' dir='ltr'><strong>quae</strong></span> <span class='ocrx_word' id='word_1_391' title='bbox 1052 3905 1196 3960; x_wconf 84' lang='lat' dir='ltr'><strong>sequuntur:</strong></span> <span class='ocrx_word' id='word_1_392' title='bbox 1213 3900 1320 3948; x_wconf 78' lang='lat' dir='ltr'><strong>nimiam</strong></span> 
     </span>
     <span class='ocr_line' id='line_1_39' title="bbox 290 3974 1320 4046; baseline 0.006 -18"><span class='ocrx_word' id='word_1_393' title='bbox 290 3984 353 4030; x_wconf 85' lang='lat' dir='ltr'><strong>tuin</strong></span> <span class='ocrx_word' id='word_1_394' title='bbox 367 3981 472 4031; x_wconf 85' lang='lat' dir='ltr'><strong>familiae</strong></span> <span class='ocrx_word' id='word_1_395' title='bbox 480 3978 617 4046; x_wconf 86' lang='lat' dir='ltr'><strong>quaestione</strong></span> <span class='ocrx_word' id='word_1_396' title='bbox 633 3974 716 4022; x_wconf 84' lang='lat' dir='ltr'><strong>Nostro</strong></span> <span class='ocrx_word' id='word_1_397' title='bbox 729 3989 791 4021; x_wconf 90' lang='lat' dir='ltr'><strong>eom·</strong></span> <span class='ocrx_word' id='word_1_398' title='bbox 817 3976 949 4038; x_wconf 77' lang='lat' dir='ltr'><strong>patienter</strong></span> <span class='ocrx_word' id='word_1_399' title='bbox 958 3983 1090 4041; x_wconf 77' lang='lat' dir='ltr'><strong>atramque</strong></span> <span class='ocrx_word' id='word_1_400' title='bbox 1101 3981 1142 4029; x_wconf 88' lang='lat' dir='ltr'><strong>Ne</strong></span> <span class='ocrx_word' id='word_1_401' title='bbox 1154 3983 1320 4033; x_wconf 63' lang='lat' dir='ltr'><strong>amima</strong></span> 
     </span>
     <span class='ocr_line' id='line_1_40' title="bbox 291 4061 1320 4137; baseline -0.001 -24"><span class='ocrx_word' id='word_1_402' title='bbox 291 4083 373 4132; x_wconf 79' lang='lat' dir='ltr'><strong>peras,</strong></span> <span class='ocrx_word' id='word_1_403' title='bbox 388 4069 444 4132; x_wconf 80' lang='lat' dir='ltr'><strong>qui,</strong></span> <span class='ocrx_word' id='word_1_404' title='bbox 460 4067 539 4113; x_wconf 76' lang='lat' dir='ltr'><strong>aellio</strong></span> <span class='ocrx_word' id='word_1_405' title='bbox 553 4061 690 4109; x_wconf 77' lang='lat' dir='ltr'><strong>asaieriiue</strong></span> <span class='ocrx_word' id='word_1_406' title='bbox 705 4066 788 4120; x_wconf 76' lang='lat' dir='ltr'><strong>ortae,</strong></span> <span class='ocrx_word' id='word_1_407' title='bbox 821 4062 925 4137; x_wconf 68' lang='lat' dir='ltr'><strong>mirati:</strong></span> <span class='ocrx_word' id='word_1_408' title='bbox 940 4063 967 4109; x_wconf 83' lang='lat' dir='ltr'><strong>si</strong></span> <span class='ocrx_word' id='word_1_409' title='bbox 980 4063 1048 4112; x_wconf 81' lang='lat' dir='ltr'><strong>medo</strong></span> <span class='ocrx_word' id='word_1_410' title='bbox 1063 4080 1108 4131; x_wconf 74' lang='lat' dir='ltr'><strong>ege</strong></span> <span class='ocrx_word' id='word_1_411' title='bbox 1122 4074 1150 4114; x_wconf 81' lang='lat' dir='ltr'><strong>et</strong></span> <span class='ocrx_word' id='word_1_412' title='bbox 1164 4084 1207 4116; x_wconf 73' lang='lat' dir='ltr'><strong>ves</strong></span> <span class='ocrx_word' id='word_1_413' title='bbox 1221 4070 1320 4118; x_wconf 68' lang='lat' dir='ltr'><strong>Scimus</strong></span> 
     </span>
     <span class='ocr_line' id='line_1_41' title="bbox 291 4144 1318 4217; baseline -0.001 -18"><span class='ocrx_word' id='word_1_414' title='bbox 291 4152 381 4217; x_wconf 86' lang='lat' dir='ltr'><strong>primus</strong></span> <span class='ocrx_word' id='word_1_415' title='bbox 401 4167 496 4200; x_wconf 89' lang='lat' dir='ltr'><strong>snorum</strong></span> <span class='ocrx_word' id='word_1_416' title='bbox 515 4151 632 4212; x_wconf 81' lang='lat' dir='ltr'><strong>ingenuus</strong></span> <span class='ocrx_word' id='word_1_417' title='bbox 648 4145 716 4193; x_wconf 73' lang='lat' dir='ltr'><strong>erati</strong></span> <span class='ocrx_word' id='word_1_418' title='bbox 740 4144 789 4191; x_wconf 89' lang='lat' dir='ltr'><strong>lma</strong></span> <span class='ocrx_word' id='word_1_419' title='bbox 821 4147 969 4195; x_wconf 77' lang='lat' dir='ltr'><strong>inurbanam</strong></span> <span class='ocrx_word' id='word_1_420' title='bbox 997 4149 1079 4212; x_wconf 79' lang='lat' dir='ltr'><strong>lepida</strong></span> <span class='ocrx_word' id='word_1_421' title='bbox 1109 4167 1221 4216; x_wconf 78' lang='lat' dir='ltr'><strong>seponere</strong></span> <span class='ocrx_word' id='word_1_422' title='bbox 1243 4154 1318 4203; x_wconf 79' lang='lat' dir='ltr'><strong>dieto.</strong></span> 
     </span>
    </p>
   </div>
   <div class='ocr_carea' id='block_1_7' title="bbox 0 0 1510 5000">
    <p class='ocr_par' dir='ltr' id='par_1_7' title="bbox 0 0 1510 5000">
     <span class='ocr_line' id='line_1_42' title="bbox 0 0 1510 5000; baseline 0 1"><span class='ocrx_word' id='word_1_423' title='bbox 0 0 1510 5000; x_wconf 95' lang='lat' dir='ltr'><strong> </strong></span> 
     </span>
    </p>
   </div>
  </div>
 </body>
</html>
