3009 5000
248 483 286 547 12
504 485 719 550 nontin
749 479 995 547 Erlstotl

274 688 343 779 Qui
366 686 493 758 variare
516 690 613 784 eupit
636 714 706 763 rem
729 686 961 787 prodigialiter
984 711 1106 780 unam,

246 896 369 945 Gracchus
382 895 515 960 impetam,
531 912 575 947 uec
588 898 679 947 Cacus
693 911 733 944 co·
764 893 843 946 verbis
852 905 877 959 et
884 893 962 943 literis
973 895 1066 959 agitur,
1074 896 1162 962 opponi
1169 910 1255 961 aspero

244 983 332 1045 hama,
351 995 395 1028 uec
412 981 562 1032 Hortensius
576 984 734 1033 distributio·
766 990 791 1029 et
803 983 898 1044 ambro,
912 990 941 1028 ut
954 978 1026 1029 λεῖον
1037 990 1062 1029 et
1075 981 1203 1047 λειότητα
1218 987 1255 1048 τῇ

242 1084 315 1133 uam,
345 1084 388 1116 uec
418 1068 506 1118 Calmes
527 1075 663 1137 argutius,
690 1086 735 1120 uec
765 1070 933 1137 coeptisque:
951 1058 1013 1117 idem
1029 1069 1106 1117 minus
1121 1080 1186 1119 recte
1199 1086 1254 1136 pag.

238 1157 420 1223 parsimottiom
440 1157 592 1223 Sallustius,
613 1175 656 1208 uec
678 1175 734 1222 opu-
765 1158 815 1206 242
839 1155 961 1206 contendit
987 1153 1149 1207 Bentleiauam
1176 1172 1256 1205 emen·

244 1245 348 1309 lentim
364 1243 456 1291 Cicero.
478 1227 552 1306 ¹Quid
576 1246 649 1311 ergo?
674 1244 736 1293 Satis
768 1245 887 1297 dationem
918 1265 965 1297 nou
993 1243 1051 1292 adeo
1073 1259 1121 1291 csse
1151 1252 1254 1305 certam,

244 1330 292 1380 hm
304 1330 397 1395 opinior
409 1342 526 1394 superque
537 1328 608 1378 fidem
621 1330 733 1392 lecimus,
766 1334 823 1398 quia
835 1336 928 1383 levitas
944 1344 969 1383 et
982 1327 1103 1397 quaelibet
1115 1330 1200 1377 nitoris
1214 1346 1256 1378 cu·

243 1434 291 1467 non
304 1417 382 1477 lavia,
394 1429 477 1463 verum
490 1415 558 1462 lenia
572 1414 684 1481 deinceps
695 1415 735 1465 hic
768 1434 795 1466 ra
815 1421 956 1484 gravitatem
974 1430 999 1469 et
1014 1421 1062 1469 rim
1083 1420 1194 1467 orationis
1208 1435 1256 1467 non

242 1498 405 1568 reponendum
427 1514 488 1557 esse;
506 1500 527 1547 si
539 1516 620 1564 sapere
640 1499 734 1549 tandem
766 1506 844 1554 minus
860 1508 952 1557 emollit
966 1518 991 1557 et
1007 1514 1120 1570 enervat,
1137 1522 1207 1573 quam
1223 1509 1256 1554 le·

243 1589 368 1640 audebunt
382 1587 492 1637 editores.
514 1585 672 1636 BENTLEIVS.
766 1593 846 1641 uitas.
867 1593 983 1658 Primum,
1007 1602 1036 1641 nt
1056 1594 1123 1656 dixi,
1146 1592 1258 1640 Horatius

277 1674 399 1724 Verissime
422 1673 560 1733 Brittunnus
575 1675 678 1723 correxit
701 1676 734 1723 le·
766 1693 813 1726 non
841 1677 949 1745 loquitur
974 1681 1003 1731 de
1026 1692 1123 1731 externo
1144 1678 1258 1727 orationis

244 1764 299 1825 nio.
322 1762 399 1826 Atque
415 1759 491 1807 omnis
507 1774 534 1806 ea
550 1755 679 1824 disputatio
695 1757 737 1806 ab·
767 1764 861 1822 nitore;
879 1782 926 1815 non
946 1778 997 1816 erat
1014 1768 1059 1816 hoc
1075 1766 1143 1817 illius
1163 1763 1258 1812 consili·

246 1849 307 1899 solvi
319 1857 413 1915 potest,
432 1848 454 1895 si
468 1847 504 1894 ita
521 1847 659 1895 statuimus:
684 1848 736 1894 teuc
767 1865 824 1913 um,
849 1852 945 1900 minime
963 1854 989 1902 in
1012 1854 1057 1902 hoc
1080 1853 1145 1901 loco:
1170 1849 1256 1900 deinde

247 1936 336 1987 dicitnr
352 1936 381 1985 de
397 1943 516 1984 structura
530 1940 554 1979 et
570 1932 737 1996 compositione
771 1935 861 1997 oratio,
881 1937 946 1984 intus
961 1942 1038 2002 gravis
1057 1951 1082 1989 et
1091 1939 1217 1989 vehemens
1233 1947 1258 1987 et

246 2020 386 2082 verborum,
410 2029 435 2066 et
453 2018 484 2067 ad
500 2033 609 2066 numeros
624 2018 747 2083 orationis,
768 2036 879 2084 nervosa,
908 2030 934 2071 et
960 2024 1067 2073 molliore
1092 2025 1259 2089 compositione

247 2110 370 2175 pertinet,
392 2108 445 2154 leue
461 2104 549 2152 dicitur
570 2103 599 2151 de
620 2104 672 2169 ipsa
687 2120 739 2152 ora·
761 2106 896 2175 investita,
912 2111 1056 2173 fitsuarior,
1072 2110 1160 2172 levior,
1174 2110 1222 2157 vim
1233 2117 1259 2157 et

247 2195 321 2243 tionis
335 2201 433 2253 natura,
450 2188 563 2256 loquendi
579 2204 673 2253 genere.
690 2189 736 2237 llo·
768 2195 909 2257 gravitatem
926 2213 974 2245 non
992 2197 1090 2245 amittit.
1115 2196 1149 2242 lla
1166 2192 1259 2259 Thucy·

248 2282 324 2330 ratius
336 2279 376 2327 hic
388 2295 436 2327 uon
449 2278 499 2342 agit
515 2274 543 2323 de
560 2283 678 2322 structura
686 2291 738 2323 ver·
771 2275 822 2326 didi
839 2280 931 2346 aliquid
951 2299 981 2330 ex
995 2281 1161 2347 compositione
1182 2279 1260 2328 Xeno·

247 2364 345 2429 borum,
361 2363 402 2413 sed
418 2362 447 2412 de
458 2364 552 2411 interna
564 2359 676 2408 orationis
688 2360 737 2409 for·
768 2363 885 2430 phontea,
895 2367 1045 2416 Demostheni
1053 2369 1260 2433 Isocratea,upu-

249 2469 295 2503 ma.
319 2452 455 2518 Decipimnr
470 2449 547 2514 specie
565 2447 632 2492 recti.
658 2446 738 2492 Brevis
770 2447 856 2512 χὺτης
872 2450 915 2500 illa
941 2461 965 2498 et
979 2452 1103 2517 δεινότης
1119 2452 1262 2519 temperabi-

250 2541 280 2590 fit
298 2537 427 2599 obscurus,
449 2531 544 2600 grandis
567 2533 596 2578 fit
615 2530 740 2594 turgidus,
774 2542 830 2597 tur,
846 2545 875 2583 ut
886 2536 994 2602 equrdem
1012 2536 1129 2600 arbitror,
1145 2555 1206 2601 non,
1223 2539 1262 2602 si,

251 2626 343 2675 cautior
363 2625 393 2672 fit
412 2621 523 2683 humilis,
552 2620 675 2667 varietatis
694 2628 744 2666 stu·
777 2628 891 2682 quantum
919 2623 973 2670 fieri
1001 2624 1091 2687 possit,
1117 2624 1168 2689 ipsa
1191 2622 1264 2674 verba

252 2711 339 2762 diosior
362 2711 391 2758 fit
414 2711 517 2774 ineptus.
550 2707 606 2755 Cum
627 2706 679 2753 istis
695 2722 741 2758 nou
775 2722 869 2770 serves,
884 2711 1042 2757 mercabitur
1055 2728 1100 2759 nec
1113 2711 1227 2775 tolletur,
1242 2714 1265 2761 si

252 2799 364 2849 convenit
383 2798 475 2844 levitas
497 2795 669 2841 instructura
689 2804 743 2838 oer-
774 2789 842 2839 modo
856 2794 970 2858 asperitas
984 2806 1090 2859 maneat,
1107 2794 1150 2845 ubi
1161 2814 1198 2846 rea
1214 2799 1265 2846 exi-

252 2886 347 2946 tentes,
363 2884 473 2930 melleet
486 2887 594 2927 tenerum
606 2878 742 2926 inauditae
775 2877 825 2942 git,
841 2887 872 2926 et
893 2880 925 2927 τὸ
944 2882 994 2929 τοῦ
1012 2883 1120 2940 πάθους
1142 2883 1265 2951 ἀποτρα-

211 2965 214 2971 ’
254 2980 281 3021 et
304 2970 483 3035 conpositione.
515 2965 599 3013 lerum
627 2963 673 3011 hoe
695 2979 743 3011 esse
777 2965 924 3029 χωόμενον
939 2969 1078 3033 requiritur.
1095 2968 1141 3016 Sed
1155 2969 1267 3019 Horatius

256 3059 380 3122 utriusque
392 3051 683 3112 vocabulidiscrimen‚ex
692 3050 746 3115 plu·
778 3049 807 3098 de
836 3054 941 3102 oratione
965 3054 1039 3119 ligata
1067 3071 1114 3103 uon
1138 3055 1166 3104 de
1188 3056 1267 3107 solnta

256 3144 324 3194 rimis
340 3143 480 3207 scriptorum
495 3138 554 3186 locis
569 3145 684 3201 apparet,
701 3132 745 3183 ubi
775 3138 901 3203 praecipit.
922 3142 1027 3191 leuitas
1041 3147 1170 3194 carminum
1183 3147 1209 3195 in
1222 3162 1266 3194 nu·

256 3228 296 3278 rel
310 3230 362 3276 lene
372 3227 410 3275 rel
424 3228 474 3274 leve
486 3225 627 3297 auctoritate
641 3223 744 3271 omnium
777 3224 864 3287 meris,
880 3236 955 3275 metro
965 3230 1077 3292 inclusis,
1091 3232 1204 3280 comitur.
1214 3231 1267 3296 lpse

257 3312 366 3363 Codicum
380 3313 537 3361 confirmatur.
553 3308 589 3357 Ad
602 3326 653 3357 eam
668 3310 745 3374 igitur
776 3326 885 3376 asperum
904 3324 929 3363 et
944 3315 1007 3365 illud
1028 3314 1136 3364 scabrum
1158 3326 1266 3365 veterum

259 3416 365 3451 normam
377 3398 428 3446 loca
440 3395 568 3458 nonnulla,
581 3393 625 3443 ubi
640 3411 683 3459 pro
697 3395 748 3442 hue
781 3400 903 3461 poetarum
915 3415 963 3447 nou
975 3399 1101 3465 laudabat,
1119 3411 1144 3450 et
1159 3419 1269 3453 numeros

259 3487 374 3551 seriptum
394 3484 515 3531 invenitur
536 3484 587 3531 leae
607 3492 632 3531 et
653 3493 747 3546 contra,
781 3481 901 3531 Plautinos
921 3500 936 3532 a
958 3488 1050 3550 proavis
1070 3486 1144 3535 stulte
1160 3486 1269 3538 laudatos

260 3570 422 3622 emendentur.
438 3571 465 3618 L.
481 3569 606 3618 Santenius
621 3569 650 3618 ad
663 3570 749 3619 Teren·
780 3567 958 3634 arbitrabatur,
987 3570 1044 3634 ille,
1070 3575 1113 3638 qni
1134 3573 1268 3639 legitimum

260 3660 353 3707 tianum
365 3657 471 3704 Maurum
479 3671 501 3704 v.
515 3656 578 3703 1662
593 3654 747 3720 diligentissi·
779 3671 862 3704 sonum
882 3654 964 3721 digitis
980 3666 1004 3704 et
1020 3674 1076 3706 aure
1090 3658 1202 3710 callebat.
1219 3663 1269 3711 lum

261 3742 336 3792 mede
348 3751 448 3807 utroque
461 3738 575 3789 vocabulo
585 3744 710 3806 exposuit,
724 3751 749 3791 et
781 3757 824 3790 ano
843 3742 893 3807 ipse
915 3740 1022 3805 exemplo
1042 3739 1162 3807 ostendit,
1180 3747 1270 3795 lecito·

259 3828 380 3894 ingentem
396 3826 556 3892 exemplorum
571 3829 662 3892 copiam
675 3827 746 3876 colle·
780 3834 829 3875 tem
840 3827 952 3892 antiquae
967 3831 1104 3891 apostati
1119 3848 1167 3881 esse
1176 3835 1271 3898 praele-

262 3916 308 3981 git.
346 3914 390 3962 llic
417 3922 482 3962 recte
506 3922 587 3963 contra
615 3915 749 3965 Bentleinm
781 3914 892 3976 rendam,
924 3931 1001 3980 neque
1027 3934 1137 3966 versuum
1166 3921 1270 3985 ipsorum

262 3998 384 4049 contendit
407 4000 458 4047 leve
481 4008 506 4048 et
529 4001 670 4065 levitatum,
696 4019 749 4051 cum
782 4003 922 4070 gravitatem
945 4003 981 4050 ita
1011 4000 1041 4051 ab
1073 4005 1191 4069 asperiore
1216 4020 1271 4053 sono

261 4084 301 4134 rel
316 4081 346 4133 de
358 4085 470 4133 orationis
479 4090 645 4155 compositione
658 4090 697 4139 vel
710 4107 748 4139 co·
780 4087 898 4155 pendere,
917 4096 945 4136 ut
960 4087 1033 4137 iidem
1053 4105 1101 4138 non
1117 4106 1166 4138 esse
1182 4090 1272 4155 possint

263 4172 436 4240 agmentatione
457 4172 495 4220 vel
516 4171 546 4224 de
561 4175 663 4241 siugulis
677 4176 750 4225 ctiam
783 4174 877 4224 nervosi
896 4173 967 4223 simul
983 4185 1008 4224 ct
1021 4178 1109 4227 cauom.
1129 4175 1212 4224 Recita
1227 4173 1272 4244 illa
