<?xml version="1.0" encoding="UTF-8"?>
<!DOCTYPE html PUBLIC "-//W3C//DTD XHTML 1.0 Transitional//EN"
    "http://www.w3.org/TR/xhtml1/DTD/xhtml1-transitional.dtd">
<html xmlns="http://www.w3.org/1999/xhtml" xml:lang="en" lang="en">
 <head>
  <title>
</title>
<meta http-equiv="Content-Type" content="text/html;charset=utf-8" />
  <meta name='ocr-system' content='tesseract 3.04.00' />
  <meta name='ocr-capabilities' content='ocr_page ocr_carea ocr_par ocr_line ocrx_word'/>
</head>
<body>
  <div class='ocr_page' id='page_1' title='image "./qhoratiiflaccie00peergoog_0061.png"; bbox 0 0 3009 5000; ppageno 0'>
   <div class='ocr_carea' id='block_1_1' title="bbox 289 474 1038 538">
    <p class='ocr_par' dir='ltr' id='par_1_1' title="bbox 289 474 1038 538">
     <span class='ocr_line' id='line_1_1' title="bbox 289 474 1038 538; baseline 0 -4"><span class='ocrx_word' id='word_1_1' title='bbox 289 475 329 534; x_wconf 79' lang='lat'><strong>94</strong></span> <span class='ocrx_word' id='word_1_2' title='bbox 551 474 764 538; x_wconf 72' lang='lat' dir='ltr'><strong>nontin</strong></span> <span class='ocrx_word' id='word_1_3' title='bbox 795 474 1038 536; x_wconf 74' lang='lat' dir='ltr'><strong>EPISTULA</strong></span> 
     </span>
    </p>
   </div>
   <div class='ocr_carea' id='block_1_2' title="bbox 311 674 1178 1128">
    <p class='ocr_par' dir='ltr' id='par_1_2' title="bbox 311 674 1178 1128">
     <span class='ocr_line' id='line_1_2' title="bbox 314 674 1174 772; baseline 0 -27"><span class='ocrx_word' id='word_1_4' title='bbox 314 674 461 768; x_wconf 83' lang='lat' dir='ltr'><strong>Fabula,</strong></span> <span class='ocrx_word' id='word_1_5' title='bbox 485 701 573 771; x_wconf 87' lang='lat' dir='ltr'><strong>quae</strong></span> <span class='ocrx_word' id='word_1_6' title='bbox 592 680 686 772; x_wconf 82' lang='lat' dir='ltr'><strong>posci</strong></span> <span class='ocrx_word' id='word_1_7' title='bbox 706 678 799 767; x_wconf 85' lang='lat' dir='ltr'><strong>vult,</strong></span> <span class='ocrx_word' id='word_1_8' title='bbox 822 684 857 748; x_wconf 88' lang='lat' dir='ltr'><strong>et</strong></span> <span class='ocrx_word' id='word_1_9' title='bbox 876 682 1023 772; x_wconf 81' lang='lat' dir='ltr'><strong>spectata</strong></span> <span class='ocrx_word' id='word_1_10' title='bbox 1045 677 1174 771; x_wconf 87' lang='lat' dir='ltr'><strong>reponi.</strong></span> 
     </span>
     <span class='ocr_line' id='line_1_3' title="bbox 311 793 1178 890; baseline 0 -25"><span class='ocrx_word' id='word_1_11' title='bbox 311 795 381 865; x_wconf 88' lang='lat' dir='ltr'><strong>Neo</strong></span> <span class='ocrx_word' id='word_1_12' title='bbox 400 796 492 866; x_wconf 82' lang='lat' dir='ltr'><strong>Deua</strong></span> <span class='ocrx_word' id='word_1_13' title='bbox 510 797 660 888; x_wconf 75' lang='lat' dir='ltr'><strong>interiit,</strong></span> <span class='ocrx_word' id='word_1_14' title='bbox 684 798 747 866; x_wconf 87' lang='lat' dir='ltr'><strong>nisi</strong></span> <span class='ocrx_word' id='word_1_15' title='bbox 769 796 892 890; x_wconf 81' lang='lat' dir='ltr'><strong>dignus</strong></span> <span class='ocrx_word' id='word_1_16' title='bbox 916 797 1047 866; x_wconf 84' lang='lat' dir='ltr'><strong>vindice</strong></span> <span class='ocrx_word' id='word_1_17' title='bbox 1067 793 1178 865; x_wconf 81' lang='lat' dir='ltr'><strong>nodus</strong></span> 
     </span>
     <span class='ocr_line' id='line_1_4' title="bbox 315 912 1169 1010; baseline 0.005 -29"><span class='ocrx_word' id='word_1_18' title='bbox 315 912 490 1002; x_wconf 78' lang='lat' dir='ltr'><strong>Inciderit3</strong></span> <span class='ocrx_word' id='word_1_19' title='bbox 515 939 577 986; x_wconf 88' lang='lat' dir='ltr'><strong>neo</strong></span> <span class='ocrx_word' id='word_1_20' title='bbox 598 923 718 1010; x_wconf 85' lang='lat' dir='ltr'><strong>quarta</strong></span> <span class='ocrx_word' id='word_1_21' title='bbox 742 916 837 1010; x_wconf 89' lang='lat' dir='ltr'><strong>loqui</strong></span> <span class='ocrx_word' id='word_1_22' title='bbox 858 938 999 1009; x_wconf 82' lang='lat' dir='ltr'><strong>persona</strong></span> <span class='ocrx_word' id='word_1_23' title='bbox 1024 915 1169 986; x_wconf 82' lang='lat' dir='ltr'><strong>laboret.</strong></span> 
     </span>
     <span class='ocr_line' id='line_1_5' title="bbox 316 1030 1093 1128; baseline 0.004 -27"><span class='ocrx_word' id='word_1_24' title='bbox 316 1030 449 1103; x_wconf 83' lang='lat' dir='ltr'><strong>Actoris</strong></span> <span class='ocrx_word' id='word_1_25' title='bbox 472 1042 584 1128; x_wconf 78' lang='lat' dir='ltr'><strong>partes</strong></span> <span class='ocrx_word' id='word_1_26' title='bbox 606 1035 730 1106; x_wconf 78' lang='lat' dir='ltr'><strong>chorus</strong></span> <span class='ocrx_word' id='word_1_27' title='bbox 754 1033 972 1127; x_wconf 87' lang='lat' dir='ltr'><strong>officiumque</strong></span> <span class='ocrx_word' id='word_1_28' title='bbox 996 1034 1093 1104; x_wconf 84' lang='lat' dir='ltr'><strong>virile</strong></span> 
     </span>
    </p>
   </div>
   <div class='ocr_carea' id='block_1_3' title="bbox 220 1254 1319 2522">
    <p class='ocr_par' dir='ltr' id='par_1_3' title="bbox 220 1254 1317 2009">
     <span class='ocr_line' id='line_1_6' title="bbox 284 1254 1313 1322; baseline 0 -19"><span class='ocrx_word' id='word_1_29' title='bbox 284 1256 349 1303; x_wconf 86' lang='lat' dir='ltr'><strong>tione</strong></span> <span class='ocrx_word' id='word_1_30' title='bbox 357 1258 465 1305; x_wconf 77' lang='lat' dir='ltr'><strong>vetandi.</strong></span> <span class='ocrx_word' id='word_1_31' title='bbox 474 1257 784 1322; x_wconf 78' lang='lat' dir='ltr'><strong>Praeceptumilludzmul·</strong></span> <span class='ocrx_word' id='word_1_32' title='bbox 815 1267 895 1306; x_wconf 88' lang='lat' dir='ltr'><strong>autem</strong></span> <span class='ocrx_word' id='word_1_33' title='bbox 915 1256 1030 1306; x_wconf 89' lang='lat' dir='ltr'><strong>iudicium</strong></span> <span class='ocrx_word' id='word_1_34' title='bbox 1051 1257 1080 1304; x_wconf 92' lang='lat' dir='ltr'><strong>fit</strong></span> <span class='ocrx_word' id='word_1_35' title='bbox 1101 1257 1126 1303; x_wconf 91' lang='lat' dir='ltr'><strong>in</strong></span> <span class='ocrx_word' id='word_1_36' title='bbox 1143 1254 1250 1318; x_wconf 88' lang='lat' dir='ltr'><strong>theatro,</strong></span> <span class='ocrx_word' id='word_1_37' title='bbox 1273 1272 1313 1303; x_wconf 88' lang='lat' dir='ltr'><strong>ne-</strong></span> 
     </span>
     <span class='ocr_line' id='line_1_7' title="bbox 284 1341 1315 1408; baseline -0.001 -19"><span class='ocrx_word' id='word_1_38' title='bbox 284 1348 312 1389; x_wconf 74' lang='lat' dir='ltr'><strong>ta</strong></span> <span class='ocrx_word' id='word_1_39' title='bbox 324 1343 396 1390; x_wconf 78' lang='lat' dir='ltr'><strong>tollae</strong></span> <span class='ocrx_word' id='word_1_40' title='bbox 408 1358 439 1389; x_wconf 73' lang='lat' dir='ltr'><strong>ee·</strong></span> <span class='ocrx_word' id='word_1_41' title='bbox 452 1344 541 1400; x_wconf 75' lang='lat' dir='ltr'><strong>oculis,</strong></span> <span class='ocrx_word' id='word_1_42' title='bbox 556 1358 616 1406; x_wconf 76' lang='lat' dir='ltr'><strong>quoe</strong></span> <span class='ocrx_word' id='word_1_43' title='bbox 632 1358 678 1391; x_wconf 75' lang='lat' dir='ltr'><strong>voa</strong></span> <span class='ocrx_word' id='word_1_44' title='bbox 693 1344 782 1390; x_wconf 78' lang='lat' dir='ltr'><strong>nuntii</strong></span> <span class='ocrx_word' id='word_1_45' title='bbox 814 1359 860 1408; x_wconf 83' lang='lat' dir='ltr'><strong>que</strong></span> <span class='ocrx_word' id='word_1_46' title='bbox 876 1341 1005 1408; x_wconf 81' lang='lat' dir='ltr'>Tragoedia</span> <span class='ocrx_word' id='word_1_47' title='bbox 1020 1351 1081 1403; x_wconf 84' lang='lat' dir='ltr'><strong>stat,</strong></span> <span class='ocrx_word' id='word_1_48' title='bbox 1097 1342 1144 1388; x_wconf 85' lang='lat' dir='ltr'><strong>uisi</strong></span> <span class='ocrx_word' id='word_1_49' title='bbox 1160 1341 1263 1406; x_wconf 90' lang='lat' dir='ltr'><strong>populus</strong></span> <span class='ocrx_word' id='word_1_50' title='bbox 1275 1357 1315 1389; x_wconf 84' lang='lat' dir='ltr'><strong>ua·</strong></span> 
     </span>
     <span class='ocr_line' id='line_1_8' title="bbox 283 1422 1315 1494; baseline 0 -21"><span class='ocrx_word' id='word_1_51' title='bbox 283 1428 374 1474; x_wconf 75' lang='lat' dir='ltr'><strong>melias</strong></span> <span class='ocrx_word' id='word_1_52' title='bbox 385 1429 518 1488; x_wconf 50' lang='lat' dir='ltr'><strong>meatim</strong></span> <span class='ocrx_word' id='word_1_53' title='bbox 531 1428 644 1493; x_wconf 78' lang='lat' dir='ltr'><strong>exemplis</strong></span> <span class='ocrx_word' id='word_1_54' title='bbox 660 1422 780 1491; x_wconf 84' lang='lat' dir='ltr'><strong>illustrat,</strong></span> <span class='ocrx_word' id='word_1_55' title='bbox 814 1445 860 1494; x_wconf 84' lang='lat' dir='ltr'><strong>que</strong></span> <span class='ocrx_word' id='word_1_56' title='bbox 876 1428 906 1476; x_wconf 91' lang='lat' dir='ltr'><strong>ad</strong></span> <span class='ocrx_word' id='word_1_57' title='bbox 917 1430 1034 1493; x_wconf 66' lang='lat' dir='ltr'><strong>paudite</strong></span> <span class='ocrx_word' id='word_1_58' title='bbox 1049 1426 1151 1489; x_wconf 88' lang='lat' dir='ltr'><strong>sederit,</strong></span> <span class='ocrx_word' id='word_1_59' title='bbox 1168 1436 1240 1492; x_wconf 83' lang='lat' dir='ltr'><strong>atque</strong></span> <span class='ocrx_word' id='word_1_60' title='bbox 1253 1425 1315 1475; x_wconf 88' lang='lat' dir='ltr'><strong>illud</strong></span> 
     </span>
     <span class='ocr_line' id='line_1_9' title="bbox 220 1511 1315 1579; baseline 0 -20"><span class='ocrx_word' id='word_1_61' title='bbox 220 1553 222 1559; x_wconf 89' lang='grc'><em>,</em></span> <span class='ocrx_word' id='word_1_62' title='bbox 283 1520 396 1577; x_wconf 78' lang='lat' dir='ltr'><strong>vetatque</strong></span> <span class='ocrx_word' id='word_1_63' title='bbox 412 1529 442 1560; x_wconf 90' lang='lat' dir='ltr'><strong>ne</strong></span> <span class='ocrx_word' id='word_1_64' title='bbox 455 1530 478 1561; x_wconf 86' lang='lat' dir='ltr'><strong>v.</strong></span> <span class='ocrx_word' id='word_1_65' title='bbox 488 1530 510 1562; x_wconf 87' lang='lat' dir='ltr'><strong>o.</strong></span> <span class='ocrx_word' id='word_1_66' title='bbox 531 1513 613 1562; x_wconf 80' lang='lat' dir='ltr'>Medea</span> <span class='ocrx_word' id='word_1_67' title='bbox 628 1512 716 1562; x_wconf 85' lang='lat' dir='ltr'><strong>liberos</strong></span> <span class='ocrx_word' id='word_1_68' title='bbox 729 1524 780 1562; x_wconf 90' lang='lat' dir='ltr'><strong>tru-</strong></span> <span class='ocrx_word' id='word_1_69' title='bbox 812 1516 906 1579; x_wconf 81' lang='lat' dir='ltr'><strong>siguum</strong></span> <span class='ocrx_word' id='word_1_70' title='bbox 930 1513 1030 1562; x_wconf 82' lang='lat' dir='ltr'><strong>dederit.</strong></span> <span class='ocrx_word' id='word_1_71' title='bbox 1060 1512 1123 1560; x_wconf 83' lang='lat' dir='ltr'><strong>Talis</strong></span> <span class='ocrx_word' id='word_1_72' title='bbox 1144 1511 1244 1574; x_wconf 85' lang='lat' dir='ltr'><strong>sabula,</strong></span> <span class='ocrx_word' id='word_1_73' title='bbox 1267 1515 1315 1559; x_wconf 91' lang='lat' dir='ltr'><strong>iam</strong></span> 
     </span>
     <span class='ocr_line' id='line_1_10' title="bbox 284 1587 1317 1665; baseline 0.002 -21"><span class='ocrx_word' id='word_1_74' title='bbox 284 1595 349 1644; x_wconf 87' lang='lat' dir='ltr'><strong>cidet</strong></span> <span class='ocrx_word' id='word_1_75' title='bbox 365 1613 441 1645; x_wconf 85' lang='lat' dir='ltr'><strong>coram</strong></span> <span class='ocrx_word' id='word_1_76' title='bbox 454 1599 551 1664; x_wconf 80' lang='lat' dir='ltr'><strong>populo,</strong></span> <span class='ocrx_word' id='word_1_77' title='bbox 566 1600 688 1647; x_wconf 74' lang='lat' dir='ltr'><strong>Praesens</strong></span> <span class='ocrx_word' id='word_1_78' title='bbox 700 1616 782 1648; x_wconf 83' lang='lat' dir='ltr'><strong>coram</strong></span> <span class='ocrx_word' id='word_1_79' title='bbox 814 1609 920 1665; x_wconf 82' lang='lat' dir='ltr'><strong>spectata</strong></span> <span class='ocrx_word' id='word_1_80' title='bbox 938 1610 962 1647; x_wconf 90' lang='lat' dir='ltr'><strong>et</strong></span> <span class='ocrx_word' id='word_1_81' title='bbox 979 1598 1094 1664; x_wconf 87' lang='lat' dir='ltr'><strong>probata,</strong></span> <span class='ocrx_word' id='word_1_82' title='bbox 1102 1587 1232 1661; x_wconf 66' lang='grc' dir='ltr'><strong>ρσσοίΐιὶν,</strong></span> <span class='ocrx_word' id='word_1_83' title='bbox 1249 1613 1317 1662; x_wconf 83' lang='lat' dir='ltr'><strong>repe·</strong></span> 
     </span>
     <span class='ocr_line' id='line_1_11' title="bbox 284 1683 1317 1750; baseline 0.001 -20"><span class='ocrx_word' id='word_1_84' title='bbox 284 1692 314 1731; x_wconf 91' lang='lat' dir='ltr'><strong>ut</strong></span> <span class='ocrx_word' id='word_1_85' title='bbox 325 1683 423 1732; x_wconf 79' lang='lat' dir='ltr'><strong>Plautus</strong></span> <span class='ocrx_word' id='word_1_86' title='bbox 435 1684 518 1733; x_wconf 83' lang='lat' dir='ltr'><strong>Pseud.</strong></span> <span class='ocrx_word' id='word_1_87' title='bbox 527 1685 570 1746; x_wconf 77' lang='lat' dir='ltr'><strong>lv,</strong></span> <span class='ocrx_word' id='word_1_88' title='bbox 579 1698 626 1747; x_wconf 74' lang='lat' dir='ltr'><strong>un,</strong></span> <span class='ocrx_word' id='word_1_89' title='bbox 635 1687 675 1734; x_wconf 79' lang='lat'><strong>43.</strong></span> <span class='ocrx_word' id='word_1_90' title='bbox 687 1688 747 1749; x_wconf 76' lang='lat' dir='ltr'><strong>qaia</strong></span> <span class='ocrx_word' id='word_1_91' title='bbox 756 1693 782 1733; x_wconf 80' lang='lat' dir='ltr'><strong>tc</strong></span> <span class='ocrx_word' id='word_1_92' title='bbox 814 1688 913 1748; x_wconf 81' lang='lat' dir='ltr'><strong>ociter,</strong></span> <span class='ocrx_word' id='word_1_93' title='bbox 935 1688 1034 1733; x_wconf 89' lang='lat' dir='ltr'><strong>tertium</strong></span> <span class='ocrx_word' id='word_1_94' title='bbox 1050 1694 1161 1750; x_wconf 84' lang='lat' dir='ltr'><strong>quartum</strong></span> <span class='ocrx_word' id='word_1_95' title='bbox 1180 1693 1205 1731; x_wconf 87' lang='lat' dir='ltr'><strong>et</strong></span> <span class='ocrx_word' id='word_1_96' title='bbox 1221 1685 1317 1748; x_wconf 71' lang='lat' dir='ltr'><strong>saepius</strong></span> 
     </span>
     <span class='ocr_line' id='line_1_12' title="bbox 284 1770 1316 1837; baseline 0.001 -20"><span class='ocrx_word' id='word_1_97' title='bbox 284 1770 568 1834; x_wconf 52' lang='lat' dir='ltr'><strong>apameorumpraeeeus</strong></span> <span class='ocrx_word' id='word_1_98' title='bbox 578 1773 781 1835; x_wconf 74' lang='lat' dir='ltr'><strong>praecentemvi-</strong></span> <span class='ocrx_word' id='word_1_99' title='bbox 812 1773 925 1837; x_wconf 75' lang='lat' dir='ltr'><strong>poscitur.</strong></span> <span class='ocrx_word' id='word_1_100' title='bbox 955 1771 1021 1835; x_wconf 79' lang='lat' dir='ltr'><strong>Quod</strong></span> <span class='ocrx_word' id='word_1_101' title='bbox 1043 1773 1150 1837; x_wconf 73' lang='lat' dir='ltr'><strong>ignotm</strong></span> <span class='ocrx_word' id='word_1_102' title='bbox 1172 1779 1221 1832; x_wconf 84' lang='lat' dir='ltr'><strong>eat,</strong></span> <span class='ocrx_word' id='word_1_103' title='bbox 1248 1772 1316 1835; x_wconf 84' lang='lat' dir='ltr'><strong>posci</strong></span> 
     </span>
     <span class='ocr_line' id='line_1_13' title="bbox 284 1855 1315 1924; baseline 0 -21"><span class='ocrx_word' id='word_1_104' title='bbox 284 1855 341 1904; x_wconf 79' lang='lat' dir='ltr'><strong>det:</strong></span> <span class='ocrx_word' id='word_1_105' title='bbox 349 1855 426 1904; x_wconf 89' lang='lat' dir='ltr'><strong>etalii</strong></span> <span class='ocrx_word' id='word_1_106' title='bbox 437 1872 507 1921; x_wconf 75' lang='lat' dir='ltr'><strong>caepe</strong></span> <span class='ocrx_word' id='word_1_107' title='bbox 515 1855 574 1905; x_wconf 88' lang='lat' dir='ltr'><strong>haec</strong></span> <span class='ocrx_word' id='word_1_108' title='bbox 581 1858 698 1924; x_wconf 84' lang='lat' dir='ltr'><strong>iungunt,</strong></span> <span class='ocrx_word' id='word_1_109' title='bbox 708 1874 783 1923; x_wconf 84' lang='lat' dir='ltr'><strong>quan·</strong></span> <span class='ocrx_word' id='word_1_110' title='bbox 814 1875 861 1906; x_wconf 89' lang='lat' dir='ltr'><strong>uon</strong></span> <span class='ocrx_word' id='word_1_111' title='bbox 878 1867 963 1922; x_wconf 85' lang='lat' dir='ltr'><strong>potest.</strong></span> <span class='ocrx_word' id='word_1_112' title='bbox 982 1858 1020 1905; x_wconf 87' lang='lat' dir='ltr'><strong>Sic</strong></span> <span class='ocrx_word' id='word_1_113' title='bbox 1035 1858 1158 1905; x_wconf 74' lang='lat' dir='ltr'>Terentius</span> <span class='ocrx_word' id='word_1_114' title='bbox 1174 1858 1200 1904; x_wconf 90' lang='lat' dir='ltr'><strong>iu</strong></span> <span class='ocrx_word' id='word_1_115' title='bbox 1216 1856 1315 1921; x_wconf 88' lang='lat' dir='ltr'><strong>Prologo</strong></span> 
     </span>
     <span class='ocr_line' id='line_1_14' title="bbox 285 1939 1317 2009; baseline 0.001 -20"><span class='ocrx_word' id='word_1_116' title='bbox 285 1939 315 1989; x_wconf 92' lang='lat' dir='ltr'><strong>do</strong></span> <span class='ocrx_word' id='word_1_117' title='bbox 330 1943 379 1990; x_wconf 80' lang='lat' dir='ltr'><strong>vim</strong></span> <span class='ocrx_word' id='word_1_118' title='bbox 395 1943 421 1990; x_wconf 90' lang='lat' dir='ltr'><strong>iu</strong></span> <span class='ocrx_word' id='word_1_119' title='bbox 441 1941 486 1989; x_wconf 89' lang='lat' dir='ltr'><strong>illa</strong></span> <span class='ocrx_word' id='word_1_120' title='bbox 503 1946 637 2007; x_wconf 78' lang='lat' dir='ltr'><strong>praecentio</strong></span> <span class='ocrx_word' id='word_1_121' title='bbox 654 1952 781 2009; x_wconf 89' lang='lat' dir='ltr'><strong>reponunt.</strong></span> <span class='ocrx_word' id='word_1_122' title='bbox 814 1943 914 1991; x_wconf 76' lang='lat' dir='ltr'><strong>Andriae</strong></span> <span class='ocrx_word' id='word_1_123' title='bbox 933 1945 973 1992; x_wconf 76' lang='lat'><strong>24.</strong></span> <span class='ocrx_word' id='word_1_124' title='bbox 1005 1945 1111 2006; x_wconf 81' lang='lat' dir='ltr'><strong>Favete,</strong></span> <span class='ocrx_word' id='word_1_125' title='bbox 1136 1944 1220 1991; x_wconf 75' lang='lat' dir='ltr'><strong>adeste</strong></span> <span class='ocrx_word' id='word_1_126' title='bbox 1242 1957 1317 2004; x_wconf 75' lang='lat' dir='ltr'><strong>aequo</strong></span> 
     </span>
    </p>

    <p class='ocr_par' dir='ltr' id='par_1_4' title="bbox 284 2028 1319 2522">
     <span class='ocr_line' id='line_1_15' title="bbox 317 2028 1318 2099; baseline 0.001 -25"><span class='ocrx_word' id='word_1_127' title='bbox 317 2028 425 2089; x_wconf 78' lang='lat' dir='ltr'><strong>Fabula,</strong></span> <span class='ocrx_word' id='word_1_128' title='bbox 435 2042 495 2090; x_wconf 73' lang='lat' dir='ltr'><strong>qaum</strong></span> <span class='ocrx_word' id='word_1_129' title='bbox 501 2030 574 2091; x_wconf 78' lang='lat' dir='ltr'><strong>posci</strong></span> <span class='ocrx_word' id='word_1_130' title='bbox 581 2030 648 2090; x_wconf 79' lang='lat' dir='ltr'><strong>cult,</strong></span> <span class='ocrx_word' id='word_1_131' title='bbox 658 2035 785 2093; x_wconf 68' lang='lat' dir='ltr'><strong>aitpoeta·</strong></span> <span class='ocrx_word' id='word_1_132' title='bbox 817 2030 916 2090; x_wconf 83' lang='lat' dir='ltr'><strong>am&#39;mo,</strong></span> <span class='ocrx_word' id='word_1_133' title='bbox 932 2035 959 2076; x_wconf 77' lang='lat' dir='ltr'><strong>et</strong></span> <span class='ocrx_word' id='word_1_134' title='bbox 974 2043 1026 2075; x_wconf 83' lang='lat' dir='ltr'><strong>rem</strong></span> <span class='ocrx_word' id='word_1_135' title='bbox 1041 2031 1194 2099; x_wconf 74' lang='lat' dir='ltr'><strong>cogreooee&#39;te,</strong></span> <span class='ocrx_word' id='word_1_136' title='bbox 1216 2029 1249 2075; x_wconf 77' lang='lat' dir='ltr'><strong>Ut</strong></span> <span class='ocrx_word' id='word_1_137' title='bbox 1258 2042 1318 2092; x_wconf 81' lang='lat' dir='ltr'><strong>per·</strong></span> 
     </span>
     <span class='ocr_line' id='line_1_16' title="bbox 286 2112 1315 2178; baseline 0.002 -19"><span class='ocrx_word' id='word_1_138' title='bbox 286 2119 314 2160; x_wconf 79' lang='lat' dir='ltr'><strong>to</strong></span> <span class='ocrx_word' id='word_1_139' title='bbox 326 2114 419 2176; x_wconf 83' lang='lat' dir='ltr'><strong>reponi.</strong></span> <span class='ocrx_word' id='word_1_140' title='bbox 433 2112 505 2160; x_wconf 86' lang='lat' dir='ltr'><strong>Nulla</strong></span> <span class='ocrx_word' id='word_1_141' title='bbox 520 2114 547 2160; x_wconf 91' lang='lat' dir='ltr'><strong>in</strong></span> <span class='ocrx_word' id='word_1_142' title='bbox 555 2112 624 2161; x_wconf 86' lang='lat' dir='ltr'><strong>Godd.</strong></span> <span class='ocrx_word' id='word_1_143' title='bbox 637 2115 732 2177; x_wconf 81' lang='lat' dir='ltr'><strong>scriptis</strong></span> <span class='ocrx_word' id='word_1_144' title='bbox 743 2129 784 2161; x_wconf 82' lang='lat' dir='ltr'><strong>va·</strong></span> <span class='ocrx_word' id='word_1_145' title='bbox 817 2115 939 2175; x_wconf 70' lang='lat' dir='ltr'><strong>namatio,</strong></span> <span class='ocrx_word' id='word_1_146' title='bbox 956 2121 983 2161; x_wconf 81' lang='lat' dir='ltr'><strong>et</strong></span> <span class='ocrx_word' id='word_1_147' title='bbox 996 2115 1057 2176; x_wconf 81' lang='lat' dir='ltr'><strong>qaid</strong></span> <span class='ocrx_word' id='word_1_148' title='bbox 1066 2116 1122 2178; x_wconf 74' lang='lat' dir='ltr'><strong>spei</strong></span> <span class='ocrx_word' id='word_1_149' title='bbox 1134 2116 1173 2162; x_wconf 80' lang='lat' dir='ltr'><strong>eit</strong></span> <span class='ocrx_word' id='word_1_150' title='bbox 1185 2115 1315 2176; x_wconf 74' lang='lat' dir='ltr'><strong>reliquam.</strong></span> 
     </span>
     <span class='ocr_line' id='line_1_17' title="bbox 284 2199 1318 2264; baseline 0 -18"><span class='ocrx_word' id='word_1_151' title='bbox 284 2199 372 2260; x_wconf 68' lang='lat' dir='ltr'><strong>meua,</strong></span> <span class='ocrx_word' id='word_1_152' title='bbox 388 2199 436 2246; x_wconf 85' lang='lat' dir='ltr'><strong>niai</strong></span> <span class='ocrx_word' id='word_1_153' title='bbox 449 2199 582 2262; x_wconf 70' lang='lat' dir='ltr'><strong>apertam</strong></span> <span class='ocrx_word' id='word_1_154' title='bbox 597 2215 640 2264; x_wconf 90' lang='lat' dir='ltr'><strong>pro</strong></span> <span class='ocrx_word' id='word_1_155' title='bbox 655 2207 782 2263; x_wconf 78' lang='lat' dir='ltr'><strong>epectata5</strong></span> <span class='ocrx_word' id='word_1_156' title='bbox 817 2201 923 2248; x_wconf 81' lang='lat' dir='ltr'><strong>Poethce</strong></span> <span class='ocrx_word' id='word_1_157' title='bbox 944 2216 1005 2263; x_wconf 76' lang='lat' dir='ltr'><strong>quac</strong></span> <span class='ocrx_word' id='word_1_158' title='bbox 1017 2200 1104 2260; x_wconf 82' lang='lat' dir='ltr'><strong>saciet</strong></span> <span class='ocrx_word' id='word_1_159' title='bbox 1121 2200 1151 2248; x_wconf 84' lang='lat' dir='ltr'><strong>de</strong></span> <span class='ocrx_word' id='word_1_160' title='bbox 1166 2201 1266 2264; x_wconf 76' lang='lat' dir='ltr'><strong>integro</strong></span> <span class='ocrx_word' id='word_1_161' title='bbox 1281 2214 1318 2247; x_wconf 86' lang='lat' dir='ltr'><strong>co-</strong></span> 
     </span>
     <span class='ocr_line' id='line_1_18' title="bbox 284 2283 1319 2351; baseline 0.001 -20"><span class='ocrx_word' id='word_1_162' title='bbox 284 2283 355 2332; x_wconf 83' lang='lat' dir='ltr'><strong>aolita</strong></span> <span class='ocrx_word' id='word_1_163' title='bbox 367 2283 411 2332; x_wconf 89' lang='lat' dir='ltr'><strong>illa</strong></span> <span class='ocrx_word' id='word_1_164' title='bbox 422 2286 546 2351; x_wconf 79' lang='lat' dir='ltr'><strong>utrimque</strong></span> <span class='ocrx_word' id='word_1_165' title='bbox 560 2286 684 2351; x_wconf 85' lang='lat' dir='ltr'><strong>participii</strong></span> <span class='ocrx_word' id='word_1_166' title='bbox 696 2286 722 2334; x_wconf 91' lang='lat' dir='ltr'><strong>in</strong></span> <span class='ocrx_word' id='word_1_167' title='bbox 734 2287 784 2351; x_wconf 86' lang='lat' dir='ltr'><strong>pri·</strong></span> <span class='ocrx_word' id='word_1_168' title='bbox 815 2287 939 2347; x_wconf 76' lang='lat' dir='ltr'><strong>moedicia,</strong></span> <span class='ocrx_word' id='word_1_169' title='bbox 957 2286 1121 2350; x_wconf 73' lang='lat' dir='ltr'><strong>Spectandae,</strong></span> <span class='ocrx_word' id='word_1_170' title='bbox 1136 2301 1169 2333; x_wconf 81' lang='lat' dir='ltr'><strong>an</strong></span> <span class='ocrx_word' id='word_1_171' title='bbox 1184 2285 1319 2350; x_wconf 69' lang='lat' dir='ltr'><strong>eaigendce</strong></span> 
     </span>
     <span class='ocr_line' id='line_1_19' title="bbox 286 2371 1319 2437; baseline -0.001 -19"><span class='ocrx_word' id='word_1_172' title='bbox 286 2386 325 2418; x_wconf 84' lang='lat' dir='ltr'><strong>ma</strong></span> <span class='ocrx_word' id='word_1_173' title='bbox 346 2371 511 2436; x_wconf 89' lang='lat' dir='ltr'><strong>coniugatione</strong></span> <span class='ocrx_word' id='word_1_174' title='bbox 525 2380 561 2419; x_wconf 89' lang='lat' dir='ltr'><strong>eat</strong></span> <span class='ocrx_word' id='word_1_175' title='bbox 577 2373 730 2437; x_wconf 80' lang='lat' dir='ltr'><strong>permutatio.</strong></span> <span class='ocrx_word' id='word_1_176' title='bbox 756 2373 785 2419; x_wconf 85' lang='lat' dir='ltr'><strong>Et</strong></span> <span class='ocrx_word' id='word_1_177' title='bbox 817 2374 872 2421; x_wconf 79' lang='lat' dir='ltr'><strong>sint</strong></span> <span class='ocrx_word' id='word_1_178' title='bbox 884 2373 952 2420; x_wconf 77' lang='lat' dir='ltr'><strong>vodio</strong></span> <span class='ocrx_word' id='word_1_179' title='bbox 960 2375 1044 2435; x_wconf 76' lang='lat' dir='ltr'><strong>priua.</strong></span> <span class='ocrx_word' id='word_1_180' title='bbox 1059 2371 1103 2420; x_wconf 84' lang='lat' dir='ltr'><strong>Ubi</strong></span> <span class='ocrx_word' id='word_1_181' title='bbox 1116 2372 1230 2419; x_wconf 77' lang='lat' dir='ltr'><strong>Donatuaz</strong></span> <span class='ocrx_word' id='word_1_182' title='bbox 1240 2372 1319 2435; x_wconf 83' lang='lat' dir='ltr'><strong>»Spe-</strong></span> 
     </span>
     <span class='ocr_line' id='line_1_20' title="bbox 286 2454 1319 2522; baseline 0 -18"><span class='ocrx_word' id='word_1_183' title='bbox 286 2455 458 2505; x_wconf 77' lang='lat' dir='ltr'><strong>Gommentator</strong></span> <span class='ocrx_word' id='word_1_184' title='bbox 472 2455 535 2505; x_wconf 82' lang='lat' dir='ltr'><strong>vidit</strong></span> <span class='ocrx_word' id='word_1_185' title='bbox 550 2458 689 2521; x_wconf 74' lang='lat' dir='ltr'><strong>spectanda.</strong></span> <span class='ocrx_word' id='word_1_186' title='bbox 712 2458 788 2505; x_wconf 74' lang='lat' dir='ltr'><strong>Porci</strong></span> <span class='ocrx_word' id='word_1_187' title='bbox 819 2457 939 2519; x_wconf 76' lang='lat' dir='ltr'><strong>etondce,</strong></span> <span class='ocrx_word' id='word_1_188' title='bbox 965 2459 1077 2522; x_wconf 81' lang='lat' dir='ltr'>proprie,</span> <span class='ocrx_word' id='word_1_189' title='bbox 1104 2466 1132 2504; x_wconf 91' lang='lat' dir='ltr'><strong>ut</strong></span> <span class='ocrx_word' id='word_1_190' title='bbox 1154 2455 1268 2519; x_wconf 79' lang='lat' dir='ltr'><strong>fabulae,</strong></span> <span class='ocrx_word' id='word_1_191' title='bbox 1292 2454 1319 2505; x_wconf 88' lang='lat' dir='ltr'><strong>id</strong></span> 
     </span>
    </p>
   </div>
   <div class='ocr_carea' id='block_1_4' title="bbox 177 2533 1319 2607">
    <p class='ocr_par' dir='ltr' id='par_1_5' title="bbox 177 2533 1319 2607">
     <span class='ocr_line' id='line_1_21' title="bbox 177 2533 1319 2607; baseline 0 -18"><span class='ocrx_word' id='word_1_192' title='bbox 177 2543 181 2553; x_wconf 84' lang='grc'><em>“</em></span> <span class='ocrx_word' id='word_1_193' title='bbox 287 2552 313 2589; x_wconf 87' lang='lat' dir='ltr'><strong>et</strong></span> <span class='ocrx_word' id='word_1_194' title='bbox 332 2544 419 2605; x_wconf 81' lang='lat' dir='ltr'><strong>reponi</strong></span> <span class='ocrx_word' id='word_1_195' title='bbox 438 2558 485 2589; x_wconf 92' lang='lat' dir='ltr'><strong>uon</strong></span> <span class='ocrx_word' id='word_1_196' title='bbox 509 2541 610 2606; x_wconf 88' lang='lat' dir='ltr'><strong>pulchre</strong></span> <span class='ocrx_word' id='word_1_197' title='bbox 633 2542 717 2588; x_wconf 80' lang='lat' dir='ltr'><strong>Lutine</strong></span> <span class='ocrx_word' id='word_1_198' title='bbox 741 2540 789 2588; x_wconf 82' lang='lat' dir='ltr'><strong>sibi</strong></span> <span class='ocrx_word' id='word_1_199' title='bbox 822 2550 871 2603; x_wconf 85' lang='lat' dir='ltr'><strong>est,</strong></span> <span class='ocrx_word' id='word_1_200' title='bbox 883 2533 1049 2604; x_wconf 75' lang='lat' dir='ltr'><strong>probandae.&#39;’</strong></span> <span class='ocrx_word' id='word_1_201' title='bbox 1067 2542 1171 2606; x_wconf 84' lang='lat' dir='ltr'><strong>Populus</strong></span> <span class='ocrx_word' id='word_1_202' title='bbox 1186 2544 1261 2606; x_wconf 87' lang='lat' dir='ltr'><strong>igitur</strong></span> <span class='ocrx_word' id='word_1_203' title='bbox 1277 2558 1319 2607; x_wconf 93' lang='lat' dir='ltr'><strong>po-</strong></span> 
     </span>
    </p>
   </div>
   <div class='ocr_carea' id='block_1_5' title="bbox 224 2624 1356 4235">
    <p class='ocr_par' dir='ltr' id='par_1_6' title="bbox 224 2624 1356 4235">
     <span class='ocr_line' id='line_1_22' title="bbox 285 2624 1318 2693; baseline 0.003 -19"><span class='ocrx_word' id='word_1_204' title='bbox 285 2626 436 2691; x_wconf 81' lang='lat' dir='ltr'><strong>reapondeut.</strong></span> <span class='ocrx_word' id='word_1_205' title='bbox 455 2628 530 2690; x_wconf 81' lang='lat' dir='ltr'><strong>Quare</strong></span> <span class='ocrx_word' id='word_1_206' title='bbox 548 2636 573 2674; x_wconf 91' lang='lat' dir='ltr'><strong>et</strong></span> <span class='ocrx_word' id='word_1_207' title='bbox 587 2624 785 2692; x_wconf 73' lang='lat' dir='ltr'><strong>wyttenbachius</strong></span> <span class='ocrx_word' id='word_1_208' title='bbox 816 2627 874 2689; x_wconf 79' lang='lat' dir='ltr'><strong>scit,</strong></span> <span class='ocrx_word' id='word_1_209' title='bbox 888 2625 951 2691; x_wconf 78' lang='lat' dir='ltr'><strong>quod</strong></span> <span class='ocrx_word' id='word_1_210' title='bbox 965 2628 1013 2675; x_wconf 89' lang='lat' dir='ltr'><strong>iam</strong></span> <span class='ocrx_word' id='word_1_211' title='bbox 1021 2628 1138 2692; x_wconf 69' lang='lat' dir='ltr'><strong>cognovit</strong></span> <span class='ocrx_word' id='word_1_212' title='bbox 1152 2628 1233 2676; x_wconf 84' lang='lat' dir='ltr'><strong>Horat.</strong></span> <span class='ocrx_word' id='word_1_213' title='bbox 1242 2628 1318 2693; x_wconf 75' lang='lat' dir='ltr'><strong>Epist.</strong></span> 
     </span>
     <span class='ocr_line' id='line_1_23' title="bbox 285 2710 1320 2776; baseline 0.002 -17"><span class='ocrx_word' id='word_1_214' title='bbox 285 2710 382 2760; x_wconf 85' lang='lat' dir='ltr'><strong>volebat</strong></span> <span class='ocrx_word' id='word_1_215' title='bbox 401 2712 441 2760; x_wconf 84' lang='lat' dir='ltr'><strong>vel</strong></span> <span class='ocrx_word' id='word_1_216' title='bbox 452 2712 677 2776; x_wconf 65' lang='lat' dir='ltr'><strong>ponci-repom</strong></span> <span class='ocrx_word' id='word_1_217' title='bbox 691 2711 730 2759; x_wconf 85' lang='lat' dir='ltr'><strong>vel</strong></span> <span class='ocrx_word' id='word_1_218' title='bbox 741 2726 787 2776; x_wconf 79' lang='lat' dir='ltr'><strong>po-</strong></span> <span class='ocrx_word' id='word_1_219' title='bbox 818 2712 855 2773; x_wconf 87' lang='lat'><strong>11,</strong></span> <span class='ocrx_word' id='word_1_220' title='bbox 877 2725 900 2773; x_wconf 88' lang='lat'><strong>1,</strong></span> <span class='ocrx_word' id='word_1_221' title='bbox 923 2714 979 2760; x_wconf 78' lang='lat'>185.</span> <span class='ocrx_word' id='word_1_222' title='bbox 1008 2713 1095 2760; x_wconf 81' lang='lat' dir='ltr'><strong>Medio</strong></span> <span class='ocrx_word' id='word_1_223' title='bbox 1115 2714 1185 2760; x_wconf 77' lang='lat' dir='ltr'><strong>inter</strong></span> <span class='ocrx_word' id='word_1_224' title='bbox 1206 2717 1320 2761; x_wconf 76' lang='lat' dir='ltr'><strong>carmine</strong></span> 
     </span>
     <span class='ocr_line' id='line_1_24' title="bbox 285 2797 1319 2864; baseline 0.002 -19"><span class='ocrx_word' id='word_1_225' title='bbox 285 2799 458 2862; x_wconf 77' lang='lat' dir='ltr'><strong>iri-reponi.</strong></span> <span class='ocrx_word' id='word_1_226' title='bbox 472 2797 498 2846; x_wconf 88' lang='lat' dir='ltr'><strong>Si</strong></span> <span class='ocrx_word' id='word_1_227' title='bbox 509 2813 592 2846; x_wconf 82' lang='lat' dir='ltr'><strong>verum</strong></span> <span class='ocrx_word' id='word_1_228' title='bbox 605 2806 666 2846; x_wconf 78' lang='lat' dir='ltr'><strong>earet</strong></span> <span class='ocrx_word' id='word_1_229' title='bbox 677 2798 749 2861; x_wconf 79' lang='lat' dir='ltr'><strong>porei</strong></span> <span class='ocrx_word' id='word_1_230' title='bbox 756 2823 789 2832; x_wconf 93' lang='lat'>-</span> <span class='ocrx_word' id='word_1_231' title='bbox 816 2804 922 2861; x_wconf 80' lang='lat' dir='ltr'><strong>poscunt</strong></span> <span class='ocrx_word' id='word_1_232' title='bbox 952 2797 1007 2846; x_wconf 81' lang='lat' dir='ltr'><strong>Aut</strong></span> <span class='ocrx_word' id='word_1_233' title='bbox 1028 2813 1113 2845; x_wconf 75' lang='lat' dir='ltr'><strong>arerem</strong></span> <span class='ocrx_word' id='word_1_234' title='bbox 1142 2806 1188 2847; x_wconf 77' lang='lat' dir='ltr'><strong>aet</strong></span> <span class='ocrx_word' id='word_1_235' title='bbox 1207 2800 1319 2864; x_wconf 75' lang='lat' dir='ltr'><strong>pugiles.</strong></span> 
     </span>
     <span class='ocr_line' id='line_1_25' title="bbox 224 2881 1319 2951; baseline 0 -19"><span class='ocrx_word' id='word_1_236' title='bbox 224 2933 229 2944; x_wconf 68' lang='grc'><strong><em>,</em></strong></span> <span class='ocrx_word' id='word_1_237' title='bbox 286 2886 386 2949; x_wconf 67' lang='lat' dir='ltr'><strong>repom,</strong></span> <span class='ocrx_word' id='word_1_238' title='bbox 408 2885 553 2950; x_wconf 79' lang='lat' dir='ltr'><strong>praeferrem</strong></span> <span class='ocrx_word' id='word_1_239' title='bbox 572 2884 704 2948; x_wconf 59' lang='lat' dir='ltr'><strong>mactanda</strong></span> <span class='ocrx_word' id='word_1_240' title='bbox 719 2898 787 2947; x_wconf 82' lang='lat' dir='ltr'><strong>repo-</strong></span> <span class='ocrx_word' id='word_1_241' title='bbox 818 2881 940 2931; x_wconf 80' lang='lat' dir='ltr'><strong>Interdum</strong></span> <span class='ocrx_word' id='word_1_242' title='bbox 960 2893 1028 2931; x_wconf 86' lang='lat' dir='ltr'><strong>notos</strong></span> <span class='ocrx_word' id='word_1_243' title='bbox 1053 2882 1194 2949; x_wconf 71' lang='lat' dir='ltr'><strong>gladiatores</strong></span> <span class='ocrx_word' id='word_1_244' title='bbox 1214 2885 1319 2951; x_wconf 89' lang='lat' dir='ltr'><strong>postula·</strong></span> 
     </span>
     <span class='ocr_line' id='line_1_26' title="bbox 277 2967 1320 3037; baseline -0.001 -17"><span class='ocrx_word' id='word_1_245' title='bbox 277 2972 332 3034; x_wconf 73' lang='lat' dir='ltr'><strong>mi,</strong></span> <span class='ocrx_word' id='word_1_246' title='bbox 357 2972 476 3037; x_wconf 72' lang='lat' dir='ltr'><strong>poscitur,</strong></span> <span class='ocrx_word' id='word_1_247' title='bbox 497 2971 629 3018; x_wconf 88' lang='lat' dir='ltr'><strong>utiterum</strong></span> <span class='ocrx_word' id='word_1_248' title='bbox 649 2977 784 3033; x_wconf 73' lang='lat' dir='ltr'><strong>epacteturt</strong></span> <span class='ocrx_word' id='word_1_249' title='bbox 818 2967 892 3031; x_wconf 86' lang='lat' dir='ltr'><strong>bant,</strong></span> <span class='ocrx_word' id='word_1_250' title='bbox 915 2985 976 3035; x_wconf 81' lang='lat' dir='ltr'><strong>qaae</strong></span> <span class='ocrx_word' id='word_1_251' title='bbox 996 2971 1074 3033; x_wconf 79' lang='lat' dir='ltr'><strong>pario</strong></span> <span class='ocrx_word' id='word_1_252' title='bbox 1093 2972 1259 3034; x_wconf 50' lang='lat' dir='ltr'><strong>postulauit&amp;</strong></span> <span class='ocrx_word' id='word_1_253' title='bbox 1278 2986 1320 3036; x_wconf 85' lang='lat' dir='ltr'><strong>ap·</strong></span> 
     </span>
     <span class='ocr_line' id='line_1_27' title="bbox 286 3053 1319 3120; baseline -0.001 -14"><span class='ocrx_word' id='word_1_254' title='bbox 286 3066 315 3106; x_wconf 91' lang='lat' dir='ltr'><strong>ut</strong></span> <span class='ocrx_word' id='word_1_255' title='bbox 339 3057 412 3106; x_wconf 80' lang='lat' dir='ltr'><strong>Serm.</strong></span> <span class='ocrx_word' id='word_1_256' title='bbox 429 3057 552 3120; x_wconf 77' lang='lat' dir='ltr'>1,x‚82.</span> <span class='ocrx_word' id='word_1_257' title='bbox 574 3054 678 3103; x_wconf 79' lang='lat' dir='ltr'><strong>redeant</strong></span> <span class='ocrx_word' id='word_1_258' title='bbox 694 3055 787 3101; x_wconf 78' lang='lat' dir='ltr'><strong>iterum</strong></span> <span class='ocrx_word' id='word_1_259' title='bbox 820 3054 920 3120; x_wconf 87' lang='lat' dir='ltr'><strong>pellavit</strong></span> <span class='ocrx_word' id='word_1_260' title='bbox 935 3054 1031 3104; x_wconf 84' lang='lat' dir='ltr'><strong>Seneca.</strong></span> <span class='ocrx_word' id='word_1_261' title='bbox 1056 3055 1118 3120; x_wconf 78' lang='lat' dir='ltr'><strong>Quid</strong></span> <span class='ocrx_word' id='word_1_262' title='bbox 1134 3057 1228 3106; x_wconf 76' lang='lat' dir='ltr'><strong>multa?</strong></span> <span class='ocrx_word' id='word_1_263' title='bbox 1247 3053 1319 3105; x_wconf 85' lang='lat' dir='ltr'><strong>Hora·</strong></span> 
     </span>
     <span class='ocr_line' id='line_1_28' title="bbox 285 3140 1321 3206; baseline 0.001 -16"><span class='ocrx_word' id='word_1_264' title='bbox 285 3150 360 3206; x_wconf 80' lang='lat' dir='ltr'><strong>atqua</strong></span> <span class='ocrx_word' id='word_1_265' title='bbox 389 3144 482 3190; x_wconf 75' lang='lat' dir='ltr'><strong>iterum</strong></span> <span class='ocrx_word' id='word_1_266' title='bbox 510 3140 643 3206; x_wconf 79' lang='lat' dir='ltr'><strong>epectandc</strong></span> <span class='ocrx_word' id='word_1_267' title='bbox 667 3140 784 3188; x_wconf 71' lang='lat' dir='ltr'><strong>theatris.</strong></span> <span class='ocrx_word' id='word_1_268' title='bbox 818 3141 879 3188; x_wconf 86' lang='lat' dir='ltr'><strong>tium</strong></span> <span class='ocrx_word' id='word_1_269' title='bbox 892 3142 1011 3205; x_wconf 80' lang='lat' dir='ltr'><strong>acripaiare</strong></span> <span class='ocrx_word' id='word_1_270' title='bbox 1025 3143 1321 3206; x_wconf 69' lang='lat' dir='ltr'><strong>existimotFaiuloquoe</strong></span> 
     </span>
     <span class='ocr_line' id='line_1_29' title="bbox 285 3226 1320 3292; baseline -0.002 -16"><span class='ocrx_word' id='word_1_271' title='bbox 285 3226 332 3275; x_wconf 82' lang='lat' dir='ltr'><strong>Sed</strong></span> <span class='ocrx_word' id='word_1_272' title='bbox 342 3230 430 3292; x_wconf 78' lang='lat' dir='ltr'><strong>porci,</strong></span> <span class='ocrx_word' id='word_1_273' title='bbox 452 3237 480 3276; x_wconf 90' lang='lat' dir='ltr'><strong>ut</strong></span> <span class='ocrx_word' id='word_1_274' title='bbox 503 3226 622 3289; x_wconf 87' lang='lat' dir='ltr'><strong>arbitror,</strong></span> <span class='ocrx_word' id='word_1_275' title='bbox 649 3234 787 3290; x_wconf 87' lang='lat' dir='ltr'><strong>corruptum</strong></span> <span class='ocrx_word' id='word_1_276' title='bbox 819 3227 945 3289; x_wconf 77' lang='lat' dir='ltr'><strong>epectari,</strong></span> <span class='ocrx_word' id='word_1_277' title='bbox 966 3234 993 3273; x_wconf 82' lang='lat' dir='ltr'><strong>et</strong></span> <span class='ocrx_word' id='word_1_278' title='bbox 1013 3228 1069 3274; x_wconf 73' lang='lat' dir='ltr'><strong>molt</strong></span> <span class='ocrx_word' id='word_1_279' title='bbox 1084 3235 1195 3292; x_wconf 73' lang='lat' dir='ltr'><strong>spectato</strong></span> <span class='ocrx_word' id='word_1_280' title='bbox 1211 3229 1320 3290; x_wconf 69' lang='lat' dir='ltr'><strong>reposci:</strong></span> 
     </span>
     <span class='ocr_line' id='line_1_30' title="bbox 285 3299 1319 3379; baseline -0.004 -16"><span class='ocrx_word' id='word_1_281' title='bbox 285 3324 330 3363; x_wconf 79' lang='lat' dir='ltr'><strong>aet.</strong></span> <span class='ocrx_word' id='word_1_282' title='bbox 346 3314 457 3362; x_wconf 78' lang='lat' dir='ltr'><strong>Horatius</strong></span> <span class='ocrx_word' id='word_1_283' title='bbox 472 3313 579 3379; x_wconf 78' lang='lat' dir='ltr'><strong>loquitur</strong></span> <span class='ocrx_word' id='word_1_284' title='bbox 595 3312 624 3360; x_wconf 86' lang='lat' dir='ltr'><strong>de</strong></span> <span class='ocrx_word' id='word_1_285' title='bbox 637 3312 787 3376; x_wconf 77' lang='lat' dir='ltr'><strong>compositio·</strong></span> <span class='ocrx_word' id='word_1_286' title='bbox 820 3326 881 3376; x_wconf 77' lang='lat' dir='ltr'><strong>quae</strong></span> <span class='ocrx_word' id='word_1_287' title='bbox 903 3299 1020 3359; x_wconf 60' lang='lat' dir='ltr'><strong>ad‘linem</strong></span> <span class='ocrx_word' id='word_1_288' title='bbox 1038 3311 1092 3362; x_wconf 84' lang='lat' dir='ltr'><strong>vult</strong></span> <span class='ocrx_word' id='word_1_289' title='bbox 1108 3314 1224 3378; x_wconf 73' lang='lat' dir='ltr'><strong>spectari,</strong></span> <span class='ocrx_word' id='word_1_290' title='bbox 1246 3321 1319 3377; x_wconf 84' lang='lat' dir='ltr'><strong>atque</strong></span> 
     </span>
     <span class='ocr_line' id='line_1_31' title="bbox 284 3395 1320 3464; baseline -0.003 -16"><span class='ocrx_word' id='word_1_291' title='bbox 284 3415 315 3448; x_wconf 89' lang='lat' dir='ltr'><strong>ne</strong></span> <span class='ocrx_word' id='word_1_292' title='bbox 339 3396 495 3464; x_wconf 86' lang='lat' dir='ltr'><strong>Tragoediae,</strong></span> <span class='ocrx_word' id='word_1_293' title='bbox 524 3396 639 3463; x_wconf 83' lang='lat' dir='ltr'><strong>quomodo</strong></span> <span class='ocrx_word' id='word_1_294' title='bbox 663 3395 800 3448; x_wconf 76' lang='lat' dir='ltr'><strong>scribenda,</strong></span> <span class='ocrx_word' id='word_1_295' title='bbox 819 3397 855 3443; x_wconf 87' lang='lat' dir='ltr'><strong>ita</strong></span> <span class='ocrx_word' id='word_1_296' title='bbox 876 3405 983 3461; x_wconf 80' lang='lat' dir='ltr'><strong>spectata</strong></span> <span class='ocrx_word' id='word_1_297' title='bbox 1004 3407 1029 3445; x_wconf 87' lang='lat' dir='ltr'><strong>et</strong></span> <span class='ocrx_word' id='word_1_298' title='bbox 1044 3398 1144 3463; x_wconf 85' lang='lat' dir='ltr'><strong>probata</strong></span> <span class='ocrx_word' id='word_1_299' title='bbox 1159 3398 1259 3462; x_wconf 71' lang='lat' dir='ltr'><strong>reposci.</strong></span> <span class='ocrx_word' id='word_1_300' title='bbox 1283 3401 1320 3446; x_wconf 70' lang='lat' dir='ltr'><strong>Aa</strong></span> 
     </span>
     <span class='ocr_line' id='line_1_32' title="bbox 232 3479 1320 3549; baseline -0.002 -15"><span class='ocrx_word' id='word_1_301' title='bbox 232 3540 235 3546; x_wconf 44' lang='lat'>‚</span> <span class='ocrx_word' id='word_1_302' title='bbox 284 3487 331 3549; x_wconf 83' lang='lat' dir='ltr'><strong>ait,</strong></span> <span class='ocrx_word' id='word_1_303' title='bbox 353 3487 375 3533; x_wconf 84' lang='lat' dir='ltr'><strong>si</strong></span> <span class='ocrx_word' id='word_1_304' title='bbox 390 3485 490 3549; x_wconf 86' lang='lat' dir='ltr'><strong>integria</strong></span> <span class='ocrx_word' id='word_1_305' title='bbox 510 3492 535 3530; x_wconf 91' lang='lat' dir='ltr'><strong>et</strong></span> <span class='ocrx_word' id='word_1_306' title='bbox 552 3481 653 3530; x_wconf 80' lang='lat' dir='ltr'><strong>eruditio</strong></span> <span class='ocrx_word' id='word_1_307' title='bbox 667 3481 788 3532; x_wconf 74' lang='lat' dir='ltr'><strong>iudicibus</strong></span> <span class='ocrx_word' id='word_1_308' title='bbox 820 3479 917 3543; x_wconf 82' lang='lat' dir='ltr'><strong>fabula,</strong></span> <span class='ocrx_word' id='word_1_309' title='bbox 935 3499 996 3548; x_wconf 83' lang='lat' dir='ltr'><strong>quae</strong></span> <span class='ocrx_word' id='word_1_310' title='bbox 1012 3486 1104 3549; x_wconf 87' lang='lat' dir='ltr'><strong>agitur,</strong></span> <span class='ocrx_word' id='word_1_311' title='bbox 1116 3485 1179 3548; x_wconf 73' lang='lat' dir='ltr'><strong>poni</strong></span> <span class='ocrx_word' id='word_1_312' title='bbox 1194 3492 1219 3531; x_wconf 88' lang='lat' dir='ltr'><strong>et</strong></span> <span class='ocrx_word' id='word_1_313' title='bbox 1234 3487 1320 3548; x_wconf 80' lang='lat' dir='ltr'><strong>reponi</strong></span> 
     </span>
     <span class='ocr_line' id='line_1_33' title="bbox 284 3566 1356 3634; baseline -0.002 -14"><span class='ocrx_word' id='word_1_314' title='bbox 284 3570 315 3620; x_wconf 77' lang='lat' dir='ltr'><strong>ali</strong></span> <span class='ocrx_word' id='word_1_315' title='bbox 332 3571 401 3620; x_wconf 89' lang='lat' dir='ltr'><strong>initio</strong></span> <span class='ocrx_word' id='word_1_316' title='bbox 417 3569 448 3618; x_wconf 89' lang='lat' dir='ltr'><strong>ad</strong></span> <span class='ocrx_word' id='word_1_317' title='bbox 462 3570 534 3617; x_wconf 82' lang='lat' dir='ltr'><strong>finem</strong></span> <span class='ocrx_word' id='word_1_318' title='bbox 550 3569 644 3634; x_wconf 88' lang='lat' dir='ltr'><strong>placere</strong></span> <span class='ocrx_word' id='word_1_319' title='bbox 659 3569 728 3617; x_wconf 83' lang='lat' dir='ltr'><strong>velit.</strong></span> <span class='ocrx_word' id='word_1_320' title='bbox 745 3568 788 3616; x_wconf 91' lang='lat' dir='ltr'><strong>Ta·</strong></span> <span class='ocrx_word' id='word_1_321' title='bbox 819 3567 903 3616; x_wconf 79' lang='lat' dir='ltr'><strong>latine</strong></span> <span class='ocrx_word' id='word_1_322' title='bbox 925 3566 1031 3631; x_wconf 86' lang='lat' dir='ltr'><strong>dicatur,</strong></span> <span class='ocrx_word' id='word_1_323' title='bbox 1053 3568 1121 3617; x_wconf 81' lang='lat' dir='ltr'><strong>valde</strong></span> <span class='ocrx_word' id='word_1_324' title='bbox 1144 3567 1236 3617; x_wconf 86' lang='lat' dir='ltr'><strong>dubito.</strong></span> <span class='ocrx_word' id='word_1_325' title='bbox 1258 3569 1320 3618; x_wconf 80' lang='lat' dir='ltr'><strong>Seri·</strong></span> <span class='ocrx_word' id='word_1_326' title='bbox 1353 3627 1356 3632; x_wconf 86' lang='lat'>.</span> 
     </span>
     <span class='ocr_line' id='line_1_34' title="bbox 284 3654 1320 3722; baseline -0.003 -16"><span class='ocrx_word' id='word_1_327' title='bbox 284 3658 316 3707; x_wconf 84' lang='lat' dir='ltr'><strong>lia</strong></span> <span class='ocrx_word' id='word_1_328' title='bbox 339 3654 468 3722; x_wconf 81' lang='lat' dir='ltr'><strong>Tragoedia</strong></span> <span class='ocrx_word' id='word_1_329' title='bbox 497 3665 532 3703; x_wconf 84' lang='lat' dir='ltr'><strong>eat</strong></span> <span class='ocrx_word' id='word_1_330' title='bbox 555 3670 628 3717; x_wconf 81' lang='lat' dir='ltr'><strong>nova,</strong></span> <span class='ocrx_word' id='word_1_331' title='bbox 658 3669 786 3719; x_wconf 78' lang='lat' dir='ltr'><strong>numquam</strong></span> <span class='ocrx_word' id='word_1_332' title='bbox 818 3663 873 3718; x_wconf 89' lang='lat' dir='ltr'><strong>ptor</strong></span> <span class='ocrx_word' id='word_1_333' title='bbox 887 3655 974 3717; x_wconf 77' lang='lat' dir='ltr'><strong>penit,</strong></span> <span class='ocrx_word' id='word_1_334' title='bbox 988 3654 1234 3718; x_wconf 73' lang='lat' dir='ltr'><strong>reponitAcliillem,</strong></span> <span class='ocrx_word' id='word_1_335' title='bbox 1259 3655 1320 3704; x_wconf 82' lang='lat' dir='ltr'><strong>facit</strong></span> 
     </span>
     <span class='ocr_line' id='line_1_35' title="bbox 283 3727 1320 3811; baseline -0.002 -19"><span class='ocrx_word' id='word_1_336' title='bbox 283 3752 407 3811; x_wconf 68' lang='lat' dir='ltr'><strong>epactam,</strong></span> <span class='ocrx_word' id='word_1_337' title='bbox 437 3742 557 3806; x_wconf 85' lang='lat' dir='ltr'><strong>incognita</strong></span> <span class='ocrx_word' id='word_1_338' title='bbox 581 3738 689 3788; x_wconf 87' lang='lat' dir='ltr'><strong>theatria.</strong></span> <span class='ocrx_word' id='word_1_339' title='bbox 719 3727 783 3786; x_wconf 85' lang='lat' dir='ltr'><strong>llaec</strong></span> <span class='ocrx_word' id='word_1_340' title='bbox 814 3738 931 3788; x_wconf 76' lang='lat' dir='ltr'><strong>Achillem</strong></span> <span class='ocrx_word' id='word_1_341' title='bbox 947 3749 1116 3805; x_wconf 79' lang='lat' dir='ltr'><strong>argumentum</strong></span> <span class='ocrx_word' id='word_1_342' title='bbox 1131 3737 1245 3804; x_wconf 81' lang='lat' dir='ltr'><strong>fabulae,</strong></span> <span class='ocrx_word' id='word_1_343' title='bbox 1262 3742 1320 3790; x_wconf 79' lang='lat' dir='ltr'><strong>acri·</strong></span> 
     </span>
     <span class='ocr_line' id='line_1_36' title="bbox 283 3823 1319 3896; baseline -0.003 -19"><span class='ocrx_word' id='word_1_344' title='bbox 283 3827 413 3896; x_wconf 78' lang='lat' dir='ltr'><strong>Tragoedia</strong></span> <span class='ocrx_word' id='word_1_345' title='bbox 441 3825 524 3876; x_wconf 88' lang='lat' dir='ltr'><strong>audita</strong></span> <span class='ocrx_word' id='word_1_346' title='bbox 542 3827 641 3873; x_wconf 74' lang='lat' dir='ltr'><strong>sartam</strong></span> <span class='ocrx_word' id='word_1_347' title='bbox 656 3823 686 3872; x_wconf 86' lang='lat' dir='ltr'><strong>ab</strong></span> <span class='ocrx_word' id='word_1_348' title='bbox 702 3825 784 3872; x_wconf 76' lang='lat' dir='ltr'><strong>amicis</strong></span> <span class='ocrx_word' id='word_1_349' title='bbox 815 3824 867 3887; x_wconf 86' lang='lat' dir='ltr'><strong>bit,</strong></span> <span class='ocrx_word' id='word_1_350' title='bbox 890 3835 915 3873; x_wconf 86' lang='lat' dir='ltr'><strong>et</strong></span> <span class='ocrx_word' id='word_1_351' title='bbox 936 3826 986 3889; x_wconf 79' lang='lat' dir='ltr'><strong>ipae</strong></span> <span class='ocrx_word' id='word_1_352' title='bbox 1002 3833 1056 3888; x_wconf 80' lang='lat' dir='ltr'><strong>poet</strong></span> <span class='ocrx_word' id='word_1_353' title='bbox 1072 3823 1132 3872; x_wconf 82' lang='lat' dir='ltr'><strong>alioa</strong></span> <span class='ocrx_word' id='word_1_354' title='bbox 1146 3824 1231 3874; x_wconf 85' lang='lat' dir='ltr'><strong>acribit</strong></span> <span class='ocrx_word' id='word_1_355' title='bbox 1247 3823 1319 3875; x_wconf 73' lang='lat' dir='ltr'><strong>liuius</strong></span> 
     </span>
     <span class='ocr_line' id='line_1_37' title="bbox 284 3909 1319 3977; baseline -0.003 -13"><span class='ocrx_word' id='word_1_356' title='bbox 284 3916 311 3963; x_wconf 85' lang='lat' dir='ltr'><strong>in</strong></span> <span class='ocrx_word' id='word_1_357' title='bbox 331 3916 489 3975; x_wconf 85' lang='lat' dir='ltr'><strong>recitatione,</strong></span> <span class='ocrx_word' id='word_1_358' title='bbox 513 3910 616 3961; x_wconf 86' lang='lat' dir='ltr'><strong>nondum</strong></span> <span class='ocrx_word' id='word_1_359' title='bbox 633 3919 731 3975; x_wconf 88' lang='lat' dir='ltr'><strong>experta</strong></span> <span class='ocrx_word' id='word_1_360' title='bbox 746 3920 783 3959; x_wconf 85' lang='lat' dir='ltr'><strong>eat</strong></span> <span class='ocrx_word' id='word_1_361' title='bbox 813 3911 916 3959; x_wconf 78' lang='lat' dir='ltr'><strong>nominis</strong></span> <span class='ocrx_word' id='word_1_362' title='bbox 938 3909 1106 3975; x_wconf 80' lang='lat' dir='ltr'><strong>Tragoediam:</strong></span> <span class='ocrx_word' id='word_1_363' title='bbox 1135 3910 1264 3977; x_wconf 85' lang='lat' dir='ltr'><strong>Tragoedia</strong></span> <span class='ocrx_word' id='word_1_364' title='bbox 1293 3913 1319 3960; x_wconf 89' lang='lat' dir='ltr'><strong>ia</strong></span> 
     </span>
     <span class='ocr_line' id='line_1_38' title="bbox 238 3994 1316 4065; baseline -0.001 -18"><span class='ocrx_word' id='word_1_365' title='bbox 238 4026 245 4042; x_wconf 71' lang='grc' dir='ltr'><em>ι</em></span> <span class='ocrx_word' id='word_1_366' title='bbox 283 3998 400 4049; x_wconf 88' lang='lat' dir='ltr'><strong>iudicium</strong></span> <span class='ocrx_word' id='word_1_367' title='bbox 411 4000 507 4065; x_wconf 79' lang='lat' dir='ltr'><strong>populi.</strong></span> <span class='ocrx_word' id='word_1_368' title='bbox 524 4000 573 4046; x_wconf 78' lang='lat' dir='ltr'><strong>Etsi</strong></span> <span class='ocrx_word' id='word_1_369' title='bbox 583 3994 711 4061; x_wconf 86' lang='lat' dir='ltr'><strong>Tragoedia</strong></span> <span class='ocrx_word' id='word_1_370' title='bbox 731 3994 783 4060; x_wconf 89' lang='lat' dir='ltr'><strong>pla·</strong></span> <span class='ocrx_word' id='word_1_371' title='bbox 814 4012 884 4045; x_wconf 77' lang='lat' dir='ltr'><strong>scena</strong></span> <span class='ocrx_word' id='word_1_372' title='bbox 904 3997 1010 4061; x_wconf 67' lang='lat' dir='ltr'><strong>agitur,</strong></span> <span class='ocrx_word' id='word_1_373' title='bbox 1034 4013 1081 4044; x_wconf 91' lang='lat' dir='ltr'><strong>nou</strong></span> <span class='ocrx_word' id='word_1_374' title='bbox 1098 3999 1218 4061; x_wconf 71' lang='lat' dir='ltr'><strong>partitur,</strong></span> <span class='ocrx_word' id='word_1_375' title='bbox 1236 4012 1316 4063; x_wconf 78' lang='lat' dir='ltr'><strong>neque</strong></span> 
     </span>
     <span class='ocr_line' id='line_1_39' title="bbox 285 4082 1315 4147; baseline -0.002 -14"><span class='ocrx_word' id='word_1_376' title='bbox 285 4094 338 4133; x_wconf 83' lang='lat' dir='ltr'><strong>oeat</strong></span> <span class='ocrx_word' id='word_1_377' title='bbox 366 4086 392 4134; x_wconf 92' lang='lat' dir='ltr'><strong>in</strong></span> <span class='ocrx_word' id='word_1_378' title='bbox 420 4086 577 4147; x_wconf 85' lang='lat' dir='ltr'><strong>recitatione,</strong></span> <span class='ocrx_word' id='word_1_379' title='bbox 603 4098 650 4130; x_wconf 92' lang='lat' dir='ltr'><strong>nou</strong></span> <span class='ocrx_word' id='word_1_380' title='bbox 673 4082 781 4147; x_wconf 80' lang='lat' dir='ltr'><strong>requitur</strong></span> <span class='ocrx_word' id='word_1_381' title='bbox 813 4083 901 4130; x_wconf 88' lang='lat' dir='ltr'><strong>iterum</strong></span> <span class='ocrx_word' id='word_1_382' title='bbox 918 4092 971 4130; x_wconf 88' lang='lat' dir='ltr'><strong>acta</strong></span> <span class='ocrx_word' id='word_1_383' title='bbox 986 4083 1131 4145; x_wconf 74' lang='lat' dir='ltr'><strong>reponitur5</strong></span> <span class='ocrx_word' id='word_1_384' title='bbox 1152 4084 1199 4131; x_wconf 83' lang='lat' dir='ltr'><strong>uiri</strong></span> <span class='ocrx_word' id='word_1_385' title='bbox 1216 4084 1315 4131; x_wconf 72' lang='lat' dir='ltr'><strong>sortiare</strong></span> 
     </span>
     <span class='ocr_line' id='line_1_40' title="bbox 284 4166 1353 4235; baseline -0.003 -16"><span class='ocrx_word' id='word_1_386' title='bbox 284 4169 382 4219; x_wconf 85' lang='lat' dir='ltr'><strong>eandem</strong></span> <span class='ocrx_word' id='word_1_387' title='bbox 398 4173 424 4219; x_wconf 91' lang='lat' dir='ltr'><strong>in</strong></span> <span class='ocrx_word' id='word_1_388' title='bbox 441 4187 512 4220; x_wconf 87' lang='lat' dir='ltr'><strong>acena</strong></span> <span class='ocrx_word' id='word_1_389' title='bbox 526 4169 683 4235; x_wconf 82' lang='lat' dir='ltr'><strong>placituram:</strong></span> <span class='ocrx_word' id='word_1_390' title='bbox 702 4183 784 4216; x_wconf 84' lang='lat' dir='ltr'><strong>veram</strong></span> <span class='ocrx_word' id='word_1_391' title='bbox 815 4168 905 4215; x_wconf 86' lang='lat' dir='ltr'><strong>ironice</strong></span> <span class='ocrx_word' id='word_1_392' title='bbox 929 4166 1006 4230; x_wconf 80' lang='lat' dir='ltr'><strong>dicas,</strong></span> <span class='ocrx_word' id='word_1_393' title='bbox 1029 4178 1147 4234; x_wconf 88' lang='lat' dir='ltr'><strong>tamquam</strong></span> <span class='ocrx_word' id='word_1_394' title='bbox 1169 4167 1198 4216; x_wconf 92' lang='lat' dir='ltr'><strong>de</strong></span> <span class='ocrx_word' id='word_1_395' title='bbox 1216 4166 1269 4216; x_wconf 84' lang='lat' dir='ltr'><strong>cibo</strong></span> <span class='ocrx_word' id='word_1_396' title='bbox 1293 4176 1318 4216; x_wconf 89' lang='lat' dir='ltr'><strong>et</strong></span> <span class='ocrx_word' id='word_1_397' title='bbox 1349 4219 1353 4228; x_wconf 28' lang='lat' dir='ltr'><em>f</em></span> 
     </span>
    </p>
   </div>
   <div class='ocr_carea' id='block_1_6' title="bbox 0 0 1513 5000">
    <p class='ocr_par' dir='ltr' id='par_1_7' title="bbox 0 0 1513 5000">
     <span class='ocr_line' id='line_1_41' title="bbox 0 0 1513 5000; baseline 0 0"><span class='ocrx_word' id='word_1_398' title='bbox 0 0 1513 5000; x_wconf 95' lang='lat' dir='ltr'><strong> </strong></span> 
     </span>
    </p>
   </div>
  </div>
 </body>
</html>
