3009 5000
295 462 353 525 128
554 462 767 528 notatu
796 464 1041 528 EPISTOLA

319 667 403 736 Rem
430 668 555 762 poteris
579 673 837 737 sewarertuam.
863 666 963 737 Redit
987 668 1103 757 uncia,
1126 666 1211 760 quid
1234 665 1300 737 fit?

319 785 433 856 Samis.
458 783 504 855 At
526 784 609 856 haee
631 785 758 855 animos
781 807 906 880 aerugo
929 793 964 856 et
985 809 1067 856 cura
1091 787 1229 883 peculi,'

286 1070 423 1118 Bersmanni
436 1080 461 1119 et
477 1073 581 1138 quinque
598 1087 628 1120 ex
640 1073 727 1120 nornis
737 1088 783 1136 po-
815 1069 857 1119 det
872 1070 937 1121 filius
956 1070 1049 1123 Altini:
1068 1074 1131 1123 fiunt
1150 1089 1192 1124 sex
1210 1076 1308 1138 unciae,

287 1162 363 1205 terat.
386 1156 501 1205 Nimirum
516 1158 626 1205 Horatius
641 1158 688 1205 iam
703 1157 781 1223 loqui·
813 1158 862 1205 sive
885 1159 1000 1222 semissis,
1024 1174 1078 1224 pars
1099 1158 1223 1209 dimidiata
1242 1161 1308 1209 assis.

286 1250 397 1303 tur,non
410 1243 529 1307 magister.
554 1243 672 1303 Poterat,
688 1243 782 1307 iuquit,
814 1242 909 1291 Addere
933 1244 959 1291 in
978 1242 1111 1293 rationibus
1124 1254 1160 1293 est
1172 1255 1309 1295 consuetum

285 1327 383 1375 dirim
397 1323 508 1375 Priene?
529 1328 640 1375 continuo
661 1327 717 1376 infit
732 1328 785 1375 iia-
815 1325 972 1391 vocabulum,
989 1338 1015 1377 et
1032 1332 1175 1378 eontrarium
1195 1329 1309 1380 vocabulo

286 1413 376 1478 gista,
386 1413 472 1477 Euge,
485 1427 537 1460 rom
548 1419 616 1460 neom
631 1428 729 1461 encore
737 1429 782 1476 po-
813 1413 965 1475 removendi,
979 1416 1043 1476 sive,
1059 1415 1123 1479 quod
1135 1417 1261 1478 usitatius,
1270 1416 1310 1464 de·

285 1500 357 1546 teria
374 1496 438 1545 Unde
451 1499 498 1546 iam
516 1507 597 1564 patet,
618 1507 644 1546 et
659 1498 729 1547 dicos
740 1515 780 1546 su-
812 1498 931 1560 dcoendi,
948 1497 977 1546 de
991 1515 1037 1564 qno
1052 1498 1199 1566 Oudendorp.
1214 1501 1310 1550 adSue·

285 1600 329 1649 pra
344 1583 507 1649 corrigendum
523 1584 605 1632 fuisse.
627 1583 653 1632 Si
666 1585 729 1632 enim
744 1583 783 1632 di·
815 1593 864 1631 ton.
881 1583 944 1632 Caes.
960 1584 1000 1633 42.
1017 1583 1095 1632 Cicero
1109 1584 1138 1633 de
1151 1586 1217 1635 effic.
1231 1587 1258 1650 Ι,
1269 1590 1311 1637 18.

284 1676 327 1717 cot
346 1667 483 1729 admiseris;
501 1686 644 1735 consequeus
666 1669 726 1732 erit,
750 1678 780 1717 ut
813 1669 964 1717 Consuetudo
976 1672 1311 1736 ccerdtotioqoecopienda,

284 1771 383 1821 persona
416 1754 500 1804 itidem
532 1756 605 1804 tertia
633 1754 778 1821 subiungas,
811 1756 1245 1821 utbonirotioeiuotoresoffim'omm
1257 1774 1310 1807 esse

284 1842 347 1888 Item
353 1843 454 1904 poterit
465 1856 563 1889 acrem
579 1857 656 1889 mm.
673 1841 782 1889 Ceterum
808 1843 951 1904 possim,
968 1848 995 1889 et
1009 1842 1116 1891 admeto
1131 1843 1311 1908 dedwendoque

285 1927 328 1992 qni
338 1933 441 1991 poterae
457 1926 554 1973 dicia&
570 1925 655 1990 legunt
670 1935 695 1973 et
709 1926 784 1990 magi·
815 1926 913 1987 cidere,
938 1942 999 1988 pora
1019 1929 1113 1990 reliqui
1134 1945 1229 1995 aemma
1243 1933 1311 1991 fiet:

285 2012 330 2060 stri
351 2028 400 2059 esse
420 2009 493 2059 rerba
515 2010 613 2072 volunt,
638 2009 782 2075 discipulum
814 2025 920 2073 ecquo,
937 2020 1055 2074 qrwntum
1067 2015 1154 2076 coique
1174 2014 1308 2077 debatur,

285 2094 674 2161 corripientiqunodfflaesitanter
692 2103 717 2142 et
733 2104 782 2142 tar-
814 2095 955 2160 intelligas.

284 2180 391 2230 dluscule
407 2179 572 2246 responderet;
595 2181 615 2228 ii
634 2179 693 2245 quid
711 2179 782 2228 urba·
845 2181 882 2230 As
902 2182 960 2229 haec
980 2185 1076 2231 animos
1090 2199 1181 2250 denego
1201 2193 1228 2232 ct
1250 2201 1311 2234 carro

283 2283 341 2316 num
362 2267 394 2315 sit
417 2268 442 2315 in
466 2267 615 2328 narratione,
637 2265 696 2331 qnid
716 2268 783 2332 puti-
809 2268 902 2331 pecudi.
924 2266 966 2315 Ad
982 2268 1054 2332 hoec,
1068 2268 1196 2330 editiones;
1213 2286 1262 2318 nna
1274 2281 1311 2320 ta·

284 2352 354 2416 dum,
378 2351 443 2401 hand
464 2354 521 2401 satis
544 2350 679 2418 dignoscere
700 2351 783 2401 viden·
814 2369 869 2401 men
883 2352 1115 2405 etalteraatltaec.
1131 2358 1311 2422 Legeenmtri·

284 2446 332 2488 tur.
349 2439 507 2487 BEN'I'LEIVS.
589 2488 594 2493 ,
812 2437 858 2486 bus
871 2440 1036 2488 vetustissimis
1051 2441 1195 2505 Blandiniis,
1209 2443 1311 2508 quodet

316 2525 397 2573 Inus,
410 2524 526 2588 ilaming.
537 2540 551 2570 a
561 2538 632 2570 mann
640 2525 716 2586 prima
722 2539 781 2570 scm
811 2523 901 2571 Statius
915 2541 944 2571 ex
952 2526 1087 2574 coniectura
1095 2526 1240 2590 protulerat:
1255 2528 1310 2592 An,

279 2612 378 2676 poterit
398 2623 495 2656 amre
511 2623 588 2655 mmm.
621 2605 695 2672 quue
720 2606 780 2654 mihi
812 2608 869 2655 hoec
890 2610 986 2655 animos
1002 2624 1093 2673 aensgo
1112 2618 1138 2658 et
1153 2628 1213 2659 ocra
1224 2616 1312 2677 poculi

283 2696 372 2763 placet.
396 2695 469 2759 idagia
487 2694 559 2741 etiam
574 2701 664 2741 morata
679 2701 715 2740 est
730 2708 782 2740 ora·
815 2692 963 2740 Cnmamnel
976 2693 1108 2757 imbuerit,
1125 2712 1312 2761 spmmuscnr·

284 2783 333 2844 tio,
350 2775 371 2830 si
387 2781 499 2846 magister
520 2759 663 2844 discipuldm
679 2780 715 2825 ita
729 2777 781 2825 lau·
812 2779 883 2825 mina
890 2780 963 2843 fingi
978 2779 1053 2827 Pocae
1070 2781 1171 2830 &nendo
1184 2784 1266 2847 cedro,
1284 2792 1311 2833 ct

284 2866 342 2917 daus
365 2866 440 2932 digito
464 2874 618 2914 monstratum
642 2864 696 2912 aliis
720 2881 782 2913 com·
814 2865 865 2912 leci
884 2864 1005 2912 sonando
1028 2865 1163 2930 cstpresso?
1186 2868 1231 2919 Ubi
1254 2868 1311 2918 ordo

284 2952 388 3003 mandat.
405 2953 529 3017 Superiora
542 2960 622 2998 antem
631 2958 734 3014 poteras
740 2950 780 2998 di·
812 2958 862 3012 est,
878 2966 911 2998 an
921 2966 1048 3014 speram
1063 2956 1175 3001 commun
1191 2965 1238 3004 cet.
1256 2972 1311 3004 cum

181 3077 187 3088 .
284 3042 367 3101 mse,
385 3037 461 3086 eidem
477 3038 588 3102 magistro
604 3033 716 3084 tribuam.
736 3027 783 3083 Ha-
814 3036 872 3083 haec
885 3038 1311 3101 oenrgoeomelanimoeimpmt?

283 3123 326 3172 bet
353 3123 394 3171 hic
417 3121 568 3188 dialogismus
588 3122 635 3168 iam
659 3120 716 3167 satis
740 3118 782 3167 ob·
813 3119 922 3168 Ceterum
955 3137 1081 3185 epernmne
1109 3123 1183 3173 habet
1211 3128 1311 3175 eximius

285 3210 419 3272 maritatis,
436 3224 507 3274 qnam
527 3223 574 3254 non
591 3214 626 3253 est
642 3221 684 3253 cur
697 3221 783 3269 augea·
814 3204 891 3253 Codex
904 3205 1043 3270 Baginensis
1058 3224 1111 3256 cum
1129 3210 1184 3258 aliis
1196 3213 1311 3277 quinque.

285 3310 351 3357 mus,
365 3292 446 3342 addita
461 3293 553 3340 Horatii
568 3308 674 3357 persona.
813 3290 956 3337 Graerianus
972 3307 1027 3338 vero
1045 3302 1070 3341 et
1085 3294 1206 3343 Leidensis
1221 3305 1245 3342 et
1258 3295 1312 3343 Vos-

318 3379 396 3427 uene
411 3378 502 3439 undo}
513 3376 580 3434 Quid
584 3373 644 3437 fit?
659 3374 783 3424 Considera
814 3376 893 3422 sianus
907 3391 960 3423 cnm
973 3376 1027 3424 aliis
1039 3377 1122 3426 itidem
1140 3381 1245 3444 quinque
1257 3396 1312 3445 spe-

286 3464 374 3514 laeum.
407 3462 433 3511 Si
455 3461 485 3509 de
510 3462 614 3527 quinque
636 3463 713 3510 unciis
734 3477 783 3508 uua
814 3475 904 3508 remus.
919 3459 957 3508 Sic
974 3463 1038 3509 etin
1052 3461 1189 3512 tribussuis
1202 3464 1311 3514 Pulman-

286 3552 357 3599 uucia
379 3547 482 3597 deducta
514 3555 563 3609 est,
595 3547 657 3594 fiunt
681 3556 783 3612 quatuor
814 3547 970 3609 nusrcpcrit3
984 3548 1310 3613 ceterilnterpretestacent:

285 3639 388 3697 unciae,
404 3635 452 3682 sive
469 3634 557 3695 triens,
570 3633 708 3696 tertiapars
716 3632 780 3679 assis.
814 3630 942 3696 Utrumque
970 3631 1070 3697 probum
1098 3642 1146 3694 est,
1172 3643 1202 3682 ut
1221 3637 1313 3685 nescias

286 3722 313 3772 st
342 3721 426 3781 uncia,
458 3716 526 3765 modo
556 3714 671 3778 deducta,
704 3713 781 3777 redit,
814 3724 896 3764 utrum
919 3717 969 3764 utri
993 3715 1175 3781 praeferendum
1198 3721 1243 3769 sit:
1264 3721 1313 3770 nisi

285 3809 373 3857 iterum
393 3803 522 3865 adiicitur,
546 3801 609 3849 fiunt
623 3817 666 3865 pro
684 3808 785 3865 quatuor
817 3799 1040 3866 qnod,ul>iaeqnae
1056 3803 1177 3868 utrimque
1189 3815 1246 3854 suut
1261 3805 1312 3854 lan·

277 3893 376 3954 ,unciis,
400 3891 428 3938 ui
450 3887 539 3951 fallor,
563 3902 644 3935 rursus
668 3886 782 3951 quinque.
815 3901 867 3948 ces,
884 3885 961 3934 locum
977 3902 1068 3935 servare
1091 3903 1119 3937 ea
1134 3887 1207 3938 lectio
1225 3889 1311 3954 debet,

286 3977 380 4025 Summa
411 3975 454 4037 fit,
479 3970 542 4039 quod
562 3973 626 4034 snit,
647 3972 781 4038 quincunx.
814 3986 875 4035 qnae
896 3972 961 4035 prior
982 3975 1114 4037 occupavit.
1139 3974 1164 4024 Si
1181 3993 1214 4023 on
1230 3991 1312 4041 spera·

286 4060 383 4109 Omnino
399 4058 526 4125 legendum
542 4055 656 4106 arbitror:
673 4056 784 4106 Additur
815 4071 870 4104 mate
895 4054 1019 4119 adsciscis,
1049 4074 1115 4123 spem
1140 4059 1247 4110 habitam
1268 4060 1312 4109 sed

287 4145 370 4195 macic.
386 4141 517 4206 Quidfit?
532 4142 572 4193 Sic
583 4143 672 4208 optime
687 4157 783 4206 respou-
814 4140 908 4189 inanem
921 4140 1086 4206 reprehendis3
1104 4146 1298 4209 rianeperemoc
