3009 5000
289 451 349 517 rso
551 431 767 515 uouerrr
799 448 1043 513 rrrsrom

289 650 332 722 Et
351 653 511 723 iuvenum
530 651 598 722 ritu
621 647 745 720 florent
767 649 870 722 modo
893 660 972 722 noto
995 653 1191 747 vigentque,
1243 665 1301 727 62.

290 769 400 842 Mults
417 777 648 859 renascentur,
666 793 754 862 quae
770 770 837 839 iam
849 770 1014 861 cecidere,
1031 773 1218 865 cadentque
1242 780 1265 841 7
1268 784 1300 845 6.

289 889 385 978 Quae
400 913 493 959 nunc
509 890 632 959 suntin
644 886 772 958 honore
783 887 965 978 voeabula,
983 891 1010 960 si
1023 891 1114 964 volet
1126 913 1225 983 usus,
1242 899 1299 963 71.

291 1007 401 1097 Quem
412 1029 515 1103 penes
527 1005 703 1076 arbitrium
715 1014 767 1076 est
777 1015 811 1076 et
820 1007 873 1076 ius
886 1015 919 1077 et
928 1014 1046 1079 norma
1056 1009 1229 1104 loquendi.
1242 1017 1300 1082 72.

290 1124 462 1197 Debemus
485 1125 584 1222 morti
609 1147 671 1194 nos
692 1133 892 1218 nostraque:
916 1127 984 1196 sive
1000 1126 1160 1223 'receptus
1244 1139 1300 1201 66.

289 1245 393 1315 Terre
412 1244 590 1339 Neptunus
614 1242 735 1312 classes
756 1226 1116 1338 Aquilonibus'aroet,
1243 1258 1299 1318 64.

288 1364 390 1457 Regis
407 1384 509 1457 opus,
533 1360 721 1454 sterilisque
743 1360 804 1432 diu
826 1361 925 1457 palus
949 1373 1094 1463 optoque
1114 1366 1215 1437 remis
1241 1376 1298 1437 65.

289 1482 430 1573 Vicinus
447 1478 549 1551 urbes
572 1479 632 1548 elit
655 1489 689 1549 et
713 1505 814 1572 greve
837 1484 937 1552 sentit
952 1490 1124 1570 ,aratrum
1244 1495 1299 1557 66.

289 1599 358 1670 866
382 1582 689 1674 cursummutevit
712 1598 867 1692 iniquum
886 1594 1042 1694 frugibus
1065 1603 1189 1691 amnis,
1242 1611 1299 1673 67.

289 1720 421 1790 Doctus
439 1720 502 1789 iter
525 1717 661 1787 melius:
684 1718 839 1813 mortuiis
865 1718 951 1789 facte
976 1718 1154 1813 peribunt,
1239 1731 1296 1792 68.

288 1838 419 1911 Nedum
443 1860 635 1910 sermonum
660 1843 725 1906 stet
748 1836 857 1908 honos
881 1847 927 1919 et
939 1840 1045 1932 gratia
1070 1841 1177 1908 vivax.
1242 1851 1298 1914 69.

503 2087 507 2092 ⁴
587 2132 730 2205 orror
755 2130 999 2203 66666666.
1089 2178 1091 2181 ψ

536 2314 682 2354 1111161111
703 2314 738 2353 DE
759 2312 874 2352 cunum
893 2311 1052 2352 Dlifflssct).

785 2493 810 2563 Ι.

288 2635 355 2732 Res
381 2639 490 2726 gestae
510 2656 695 2726 regumque
715 2631 911 2725 ducumque
932 2643 967 2703 et
988 2633 1096 2704 tristis
1117 2633 1207 2707 bella
1241 2643 1303 2707 73..

287 2753 365 2841 Quo
384 2750 485 2821 scribi
503 2762 640 2845 possent
655 2774 812 2841 numero,
832 2752 1030 2821 monstravit
1047 2753 1226 2825 Homerus.
1242 2763 1299 2825 74.

287 2870 448 2942 Versibus
468 2872 639 2965 impariter
662 2871 785 2940 iunctis
807 2870 1015 2964 querimonia
1037 2871 1200 2968 primum,
1242 2881 1299 2945 75.

287 2990 369 3061 Post
392 2991 491 3060 etiam
514 2989 643 3060 inclusa
667 2997 718 3060 est
741 2990 810 3059 voti
836 2992 998 3060 sententie
1022 3014 1170 3085 compos.
1242 3000 1301 3065 76.

260 3109 372 3197 -Quis
396 3116 506 3179 tamen
530 3110 668 3202 exiguos
693 3107 804 3201 elegos
829 3109 974 3186 emiserit
998 3118 1136 3200 auctor,
1242 3119 1299 3181 77.

288 3227 503 3298 Grammatici
527 3234 656 3298 certant
679 3235 714 3298 et
738 3225 850 3297 adhuc
871 3225 936 3296 sub
958 3226 1069 3298 iudice
1093 3227 1136 3298 lis
1156 3236 1217 3300 est.
1243 3237 1300 3302 78.

281 3449 404 3500 Horatium
419 3448 495 3499 edidit
506 3448 646 3515 Vitebergue
659 3466 682 3499 a.
694 3451 774 3513 1866,
840 3448 937 3497 Nedum
957 3464 1094 3499 sormmum
1117 3459 1169 3501 etot
1190 3455 1263 3503 torno
1281 3461 1309 3503 st

281 3537 378 3585 coniicit
388 3538 476 3601 prisco
486 3536 589 3590 vendunt.
805 3535 897 3599 gratio
915 3537 999 3585 61666.
1016 3536 1186 3617 commentator
1198 3539 1295 3605 cruorit

314 3624 394 3689 Regis
408 3639 474 3687 opos.
491 3621 558 3685 Quod
571 3620 693 3670 emendari
708 3622 782 3669 Urbis
814 3621 933 3684 »Vivam
947 3629 1077 3687 perpetua.
1100 3624 1125 3672 Si
1139 3624 1198 3673 haec
1213 3626 1309 3689 omnio,

185 3717 187 3722 '
282 3725 355 3775 opus,
371 3725 457 3756 nomen
473 3709 545 3755 Urbis
557 3708 605 3756 ium
618 3708 696 3772 ipsum
708 3708 782 3772 signi-
814 3722 874 3772 quae
894 3718 1109 3773 memoratorium,
1126 3709 1220 3792 ⁸ubsque
1237 3710 1311 3761 dubio

282 3796 417 3845 ficationem
439 3794 626 3860 magnitudinis
645 3793 779 3841 66666161-
810 3802 935 3841 mutantur
961 3803 985 3841 et
1014 3804 1155 3859 transeunt,
1176 3793 1310 3846 'verborum

282 3882 340 3931 fert.
357 3883 394 3930 lto
408 3897 454 3929 usu
467 3888 590 3945 re‘ceptum
611 3880 661 3928 tuit
677 3878 779 3943 oppido,
812 3880 889 3944 gratis
905 3881 1016 3944 perennis
1031 3881 1146 3947 quomodo
1162 3899 1256 3932 munere
1269 3899 1313 3949 po·

269 3981 324 4031 pro
340 3968 417 4015 valde.
732 3967 736 3978 ‘
811 3966 897 4014 testim
922 3965 949 4014 N.
966 3966 1076 4015 Heinsius
1096 3966 1245 4017 scribendum
1267 3986 1311 4035 pu·

314 4054 363 4101 Seu
378 4068 476 4101 cursum
491 4054 609 4102 mutavit.
623 4052 651 4100 lu
666 4052 712 4101 MS.
726 4050 779 4100 116-
811 4060 860 4100 tot:
875 4051 972 4099 Nodum
985 4058 1015 4100 nt
1027 4067 1163 4101 sermonum
1175 4062 1227 4103 stet
1239 4057 1311 4104 honos

282 4137 402 4203 minginno
416 4153 512 4187 eornm.
815 4143 841 4184 ot
853 4138 944 4201 gratio
960 4138 1043 4185 vivon.
