3009 5000
311 477 370 540 116
570 478 782 543 notarri
812 481 1059 545 EPISTULA

329 677 602 776 legitimumque
626 705 746 755 sonum
769 681 881 778 digitis
903 683 1065 776 callemus
1088 691 1124 758 et
1145 708 1236 756 aure.

255 844 259 848 -
338 799 498 892 Ignotum
520 800 664 895 tragicae
688 825 793 896 genus
815 804 979 873 invenisse
1002 804 1166 875 Camenae

332 917 484 1008 Dicitur,
508 924 543 989 et
566 919 726 1014 plaustris
748 922 874 1001 vexisse
898 930 1050 1017 poemata
1074 921 1234 1018 Thespia,

333 1033 428 1125 Quae
451 1038 608 1110 canerent
633 1047 836 1133 agerentque
859 1041 1015 1134 peruncti
1031 1039 1185 1112 faecibus
1211 1063 1280 1110 ora.

299 1258 444 1317 utmaque,
463 1252 508 1301 Ne
528 1250 609 1299 &cem
628 1248 723 1308 stulte,
744 1246 798 1293 lou·
830 1242 937 1308 vulgasse
950 1242 1027 1292 literis
1038 1240 1154 1308 Thespia,
1167 1258 1275 1309 quaeque
1286 1239 1328 1289 illi

248 1378 251 1384 ,
301 1338 403 1387 damna,
435 1378 438 1384 ,
757 1394 761 1401 ”
831 1328 942 1376 tribuunt
972 1327 1124 1392 Plutarchus,
1154 1327 1252 1390 Pollux,
1275 1325 1325 1374 Gle-

333 1424 453 1485 Dicitur,
468 1430 494 1471 et
501 1420 629 1486 plaustris
641 1419 798 1479 oecissepoe·
822 1430 896 1462 *mens
915 1413 1100 1476 Alexandrinus,
1124 1422 1150 1461 et
1169 1413 1252 1462 Noster
1267 1411 1326 1460 adeo

299 1508 494 1570 atatellreapis,
511 1507 707 1565 Quaeceueraut.
725 1502 800 1550 locns
831 1500 881 1564 ipse
898 1500 971 1563 Epist.
987 1499 1022 1561 ll,
1038 1511 1068 1562 11,
1083 1500 1138 1547 tot.
1155 1497 1199 1546 ubi
1210 1497 1326 1564 populum

299 1589 340 1640 hic
354 1590 384 1639 ab
392 1591 568 1657 annisamplins
582 1589 650 1638 mille
663 1588 799 1653 turpissimo
830 1592 910 1640 narrat
924 1585 1054 1632 Romanum
1066 1594 1119 1649 post
1131 1584 1219 1632 Punica
1231 1582 1326 1631 demum

300 1674 384 1724 mendo
401 1664 553 1742 inquinatus,
567 1676 588 1724 si
600 1691 653 1722 mea
666 1689 737 1738 opera
745 1680 798 1719 tan·
829 1667 894 1717 bella
915 1669 1018 1734 coepisse
1035 1684 1166 1734 quaerere,
1200 1668 1269 1726 Quid
1282 1670 1326 1717 Se·

299 1758 353 1808 dem
366 1761 513 1810 emaculetur
534 1760 707 1827 pristinumque
724 1766 749 1833 et
762 1772 798 1805 sa·
824 1756 956 1819 paueret
969 1756 1076 1819 Thespis
1082 1761 1108 1803 et
1114 1740 1249 1818 Aeschylus
1260 1754 1327 1809 utile

298 1861 357 1893 num
373 1844 474 1894 colorem
490 1846 605 1914 recipiat,
620 1842 706 1908 ecquid
723 1844 797 1890 erite
820 1840 936 1900 ferrent,
966 1841 1044 1888 omnia
1062 1840 1119 1889 'ista
1142 1841 1222 1905 spuria
1246 1848 1271 1887 et
1293 1837 1325 1887 ab

295 1929 387 1979 lectore
404 1931 498 1995 pretii?
521 1928 722 1993 Contemplemur,
739 1941 797 1991 qna-
828 1923 951 1973 Heraclide
981 1925 1076 1974 Pontico
1107 1927 1228 1990 supposita
1259 1940 1327 1986 este,

297 2013 408 2063 lishodie
422 2016 597 2063 circumfertur.
613 2014 730 2076 [gemtum
738 2013 800 2058 Tra·
831 2009 914 2057 multis
929 2012 1074 2075 argumentis
1091 2010 1184 2059 ostendi
1198 2011 1225 2060 in
1237 2011 1326 2059 Disser-

294 2102 369 2165 ga'eae
381 2114 462 2165 genus
477 2100 604 2148 tumuisse
620 2098 738 2145 Camenae
750 2096 799 2143 Di-
831 2096 920 2143 tatione
929 2093 960 2143 ed
968 2094 1099 2144 Phalaridis
1110 2095 1235 2160 Epistolas3
1254 2112 1326 2167 qnam

297 2182 382 2247 eitut‘,
399 2192 426 2232 et
436 2185 565 2249 plaustris
576 2183 673 2230 nemeae
683 2188 797 2246 poenum
830 2181 873 2246 qui
888 2188 967 2245 potest
987 2188 1030 2228 ant
1049 2191 1118 2229 vacat
1138 2182 1228 2246 poterit
1243 2197 1325 2230 eonsu-

297 2271 414 2334 vespis,
433 2270 500 2328 &aar
518 2274 633 2317 canerent
648 2273 797 2333 agerentque
829 2264 887 2314 lere.
904 2263 966 2329 Quid
983 2266 1059 2330 ergo?
1076 2283 1110 2314 an
1128 2266 1241 2331 plaustris
1252 2264 1325 2315 rehe-

293 2355 534 2420 perunetisuecafbus
545 2368 595 2402 ero.
612 2350 797 2401 Itaomnesnbi-
829 2348 917 2399 bantur
924 2359 1056 2415 pearata,
1070 2364 1131 2417 qnae
1148 2350 1196 2401 sub
1208 2351 1253 2401 illa
1269 2352 1326 2400 Tra·

296 2457 343 2508 qne
374 2441 459 2506 scripti
477 2439 582 2504 editiqne
607 2436 734 2486 exhibent:
757 2438 793 2484 ita
824 2434 922 2501 goediae
944 2436 1047 2485 infantia
1073 2438 1113 2485 vix
1144 2436 1207 2485 domi
1227 2435 1324 2504 quiden

296 2528 356 2574 citat
371 2523 493 2572 Diomedes
508 2523 677 2570 Grammaticus
692 2537 717 2586 p.
733 2522 791 2568 486.
824 2518 1006 2569 scribebantur?
1017 2521 1071 2584 rel,
1084 2530 1112 2569 ut
1123 2524 1211 2586 scripta
1219 2524 1324 2587 luerint,

295 2610 331 2660 ita
344 2609 448 2656 Donatus
468 2606 641 2671 Prolegomenis
658 2603 689 2652 ad
708 2603 794 2652 Teren·
826 2602 890 2652 domi
919 2612 983 2651 certe
1006 2603 1218 2671 relinquebantur,
1245 2617 1271 2657 et
1293 2607 1325 2657 da

295 2696 375 2756 tium,
390 2690 435 2741 nbi
453 2701 501 2740 tres
516 2699 621 2739 retractae
636 2699 692 2739 ante
705 2704 794 2738 mnam
828 2687 940 2754 plaustris
963 2691 1097 2739 memoriter
1117 2690 1279 2743 canebantur?
1295 2695 1325 2742 Et

290 2779 337 2842 ,th
353 2777 469 2827 editiones
491 2776 615 2826 consulens
634 2773 697 2825 nihil
721 2792 736 2824 a
756 2791 794 2824 re-
825 2776 921 2823 sensisse
948 2775 1044 2841 qnidam
1067 2776 1238 2828 absurditatem
1262 2778 1324 2830 hane

296 2874 366 2930 cepta
376 2864 479 2913 lectione
488 2861 605 2912 diversum
618 2863 705 2927 reperi.
721 2860 794 2924 Quale
827 2858 939 2908 videntur
961 2862 1066 2911 melioris
1086 2874 1155 2934 notae
1172 2866 1324 2931 interpretes.

295 2960 375 3000 tamen
404 2947 499 2998 obsecro
530 2945 595 2997 illud
619 2955 671 3008 est,
696 2947 796 2995 vasisse
828 2946 957 3009 Poemota,
974 2947 1066 3013 inquit,
1079 2950 1202 3014 Lnisinns,
1214 2966 1324 3015 prom.

290 3036 418 3100 pluuetrte
445 3029 583 3099 poemate?
614 3031 659 3080 hoc
688 3040 737 3093 est,
767 3041 796 3079 nt
828 3047 861 3079 ue
874 3033 1027 3096 eminebit,
1043 3050 1171 3099 eetessam,
1184 3044 1215 3084 ut
1232 3038 1322 3100 uiuat,

294 3129 390 3168 enarrat
400 3120 493 3183 heron,
508 3122 569 3167 Tum
586 3118 666 3165 multa
679 3117 795 3180 conpeta·
822 3132 871 3181 pre
883 3126 1004 3167 musceto.
1021 3120 1110 3185 Dignus
1120 3122 1204 3186 utique
1216 3139 1258 3171 sua
1270 3122 1322 3170 lau·

271 3245 274 3250 .
294 3220 334 3266 se,
357 3220 418 3268 paene
429 3211 515 3269 posset
525 3197 793 3269 plaustrte'udvebere.
828 3201 857 3249 de
879 3211 928 3266 est,
950 3205 994 3268 qui
1015 3221 1062 3254 non
1084 3215 1133 3254 tarn
1157 3206 1240 3256 obesae
1258 3207 1322 3256 uaris

294 3291 379 3338 llirurn
416 3288 462 3338 hoe
494 3290 618 3355 proiecto:
650 3295 791 3353 poteratque
807 3331 809 3333 .
825 3295 889 3349 erat,
921 3296 950 3335 ut
979 3299 1089 3355 receptae
1117 3293 1322 3356 interpretationis

293 3373 403 3440 Thespis,
420 3382 449 3422 nt
462 3373 640 3439 posteatlasaim
646 3373 788 3434 Hetrnseus,
822 3372 926 3420 foetores
941 3372 1062 3424 toleraret.
1094 3376 1128 3423 'lu
1144 3392 1199 3424 vero
1219 3378 1253 3425 sic
1267 3393 1322 3426 me·-

294 3460 371 3525 capais
394 3457 508 3524 librisque
524 3460 627 3524 propriis
643 3456 750 3507 comburi
765 3473 793 3506 ac
825 3467 981 3523 cnm‘repoue
997 3459 1096 3510 meliora
1107 3459 1177 3526 longe
1192 3477 1220 3510 ae
1236 3445 1327 3513 certio·⁸

295 3545 416 3607 funerari,
431 3543 559 3610 quoheres
571 3543 637 3609 ligna
648 3542 791 3592 lucraretur.
823 3558 862 3590 ra:
890 3544 995 3592 Dicitur
1026 3553 1052 3594 et
1069 3536 1197 3610 plaustris
1224 3550 1322 3598 vectare

292 3630 378 3680 lerum
395 3639 458 3691 esto,
475 3639 503 3677 ut
518 3639 555 3678 tot
571 3637 680 3694 poemata
692 3629 792 3693 scripse·
818 3637 933 3691 poetata
950 3632 1055 3694 Thapis
1071 3632 1122 3689 Qui
1135 3640 1251 3683 maerent
1262 3651 1321 3702 age-

292 3718 339 3766 rit:
357 3713 415 3781 quit
431 3730 507 3780 epm,
524 3723 552 3762 ut
574 3730 601 3762 ea
617 3711 731 3779 planstris
747 3714 793 3761 eir·
824 3721 926 3778 rerutque
941 3715 1185 3779 pemnets'soeeitus
1200 3734 1250 3768 era.
1275 3719 1320 3770 Ubi

294 3798 511 3850 cnmveherentur?
524 3815 554 3848 an
571 3815 600 3847 ex
615 3796 678 3846 libro
692 3806 743 3845 tum
755 3814 792 3846 re·
824 3798 880 3847 ordo
894 3810 942 3849 eat:
963 3800 1062 3848 Veeiese
1071 3803 1199 3865 plaustris
1209 3803 1267 3870 (eos)
1275 3808 1319 3871 qui

292 3885 399 3936 citabant
415 3896 506 3935 actores
521 3882 678 3933 fabularum?
695 3881 791 3932 Ridicu-
822 3892 938 3933 eouerent
958 3893 1105 3951 agmentpue
1119 3898 1248 3955 precante,
1260 3907 1318 3955 per.

291 3970 354 4020 lum:
380 3988 410 4020 ne
429 3980 511 4038 postea
526 3968 621 4036 quidem
637 3967 682 4017 hoe
697 3968 789 4016 factum
821 3972 893 4018 uncti
905 3971 1084 4032 arusueea'bw
1100 3972 1231 4025 histriones
1242 3978 1317 4042 igitur

292 4065 427 4132 cetheum
457 4065 540 4122 poetae
569 4071 622 4103 suas
649 4051 789 4119 Tragoedias
820 4055 846 4102 in
862 4053 974 4121 plaustris
989 4055 1105 4121 vehebat,
1120 4075 1180 4123 non,
1195 4070 1224 4110 ut
1241 4060 1317 4110 stulte

291 4141 380 4205 scripto
395 4140 529 4206 vulgarent.
545 4138 786 4205 Aenihilquiequem
817 4139 889 4205 vulgo
906 4140 1036 4205 creditum,
1056 4154 1173 4209 poemata.
1205 4144 1314 4195 Ceteram
