3009 5000
555 482 614 541 tlt
645 482 862 543 PISONES.

232 684 360 778 Arguct
377 682 534 777 ambigue
557 682 705 776 dictum,
730 683 891 755 mutanda
915 683 1063 769 notabit,

198 910 276 971 xcrit,
287 903 398 971 Ἡδονὴ
414 906 504 965 τέλος,
513 907 613 972 πόρνης
627 906 696 968 ety—
728 905 794 954 lente
817 905 939 956 lambere?
962 908 1047 973 Pergst
1058 922 1126 970 rere,
1147 910 1223 957 sivo·

198 992 311 1054 rectoria
324 993 502 1059 ἕστόπρόγοια
515 989 610 1050 οὐδὲν,
627 1007 696 1057 παρ·
728 993 778 1052 let,
799 1002 838 1055 et,
863 992 926 1058 qnod
949 992 1059 1042 ultimum
1077 991 1181 1042 inridise
1197 1003 1223 1041 et

198 1097 244 1143 γης
261 1078 367 1142 δόγμα,
384 1079 392 1142 (
397 1080 512 1143 Voluptas
523 1093 643 1126 summm
658 1080 696 1126 όο-
727 1077 803 1126 telum
822 1087 847 1125 et
859 1080 995 1144 perfugium
1017 1089 1067 1142 ert,
1080 1080 1222 1145 plagiarium

196 1180 267 1228 mm,
293 1167 434 1213 meretrices
458 1165 557 1229 degum,
582 1179 631 1211 uon
654 1171 693 1211 est
724 1179 762 1212 me
775 1164 911 1224 insimulet,
926 1175 955 1213 ut
972 1175 996 1212 et
1010 1166 1085 1213 lleroe
1098 1166 1147 1214 τὸν
1168 1183 1223 1225 μα-

191 1251 354 1315 provr‘dencio
367 1251 446 1312 nitet,
471 1251 613 1297 meretricis
637 1249 694 1313 dog·
727 1250 839 1315 καρίτην
871 1249 1016 1299 Ezechielem
1044 1250 1223 1316 Spenhemium.

196 1336 246 1400 mo)
263 1352 316 1385 cum
334 1345 404 1384 antea
424 1352 467 1400 pro
483 1335 596 1401 cepheum
612 1335 693 1399 inepte
725 1335 754 1382 Et
775 1335 812 1383 ses
833 1335 929 1401 quidem
944 1334 984 1384 hic
1003 1346 1064 1384 esset
1088 1335 1221 1402 indigueri3

196 1419 326 1469 haberetur
340 1422 462 1487 πορνεία.
486 1421 559 1486 Atqui
576 1422 652 1481 scius,
677 1437 691 1467 o
723 1421 771 1469 nisi
791 1422 838 1469 inm
854 1423 951 1487 utrique
966 1431 1071 1470 nostrum
1094 1423 1152 1471 setis
1167 1438 1224 1488 sup·

195 1504 326 1569 Zeu'odote,
347 1509 395 1555 iem
407 1505 438 1555 ab
454 1507 522 1555 annis
535 1504 649 1553 tredecim
663 1508 690 1553 iu
721 1505 791 1570 plicii
803 1505 914 1556 dedisset.
930 1507 989 1556 Nem
996 1507 1060 1573 qnod
1073 1524 1154 1556 rursus
1161 1523 1221 1556 noro

195 1593 283 1657 scripto
298 1592 397 1657 Ahglico
411 1590 558 1640 veriushnec
572 1591 693 1638 concinni·
724 1589 809 1639 libello
825 1609 862 1640 me
884 1591 980 1658 oblique
996 1594 1129 1658 impetivit,
1152 1604 1177 1641 et
1192 1603 1223 1641 nt

195 1694 269 1745 usque
282 1696 298 1727 e
314 1695 352 1727 me
368 1677 492 1726 emendate
508 1693 566 1726 csse.
590 1677 648 1724 Nam
664 1685 693 1724 ut
724 1676 786 1725 alter
801 1679 879 1726 nescio
896 1679 961 1744 quim
978 1687 1079 1744 uterque
1095 1694 1151 1726 sane
1164 1696 1221 1744 ope·

192 1763 295 1813 scabiem
326 1763 437 1812 dictionis
468 1761 610 1824 condonem,
640 1760 690 1810 οὐκ
721 1778 772 1810 ram
788 1772 813 1810 ct
829 1761 907 1811 oleum
923 1761 1090 1828 perdiderunt:
1115 1763 1220 1812 nondum

192 1850 250 1899 ἐστὶ
271 1851 386 1916 πρόνοια
407 1847 508 1905 aerem·
532 1864 586 1896 cum
607 1849 692 1913 passim
724 1849 787 1896 enim
801 1864 881 1896 eornm
896 1850 959 1896 ictus
972 1851 1034 1897 tanti
1046 1850 1121 1911 facio,
1137 1858 1166 1897 ut
1173 1850 1220 1897 ite·

193 1935 243 1985 οὐκ
268 1926 339 1985 εἶναι
367 1935 496 2001 πρόνοιαν
524 1934 690 1998 Epicureorum
721 1949 774 1981 rum
787 1950 803 1981 e
818 1950 855 1982 me
871 1934 993 1999 vapulent.
1017 1936 1100 1982 Multo
1114 1936 1220 1982 creaioris

193 2020 384 2085 dogmaveniut,
403 2018 594 2085 requerendum
610 2017 690 2067 trahat
721 2033 812 2067 mecm
827 2012 924 2084 colaphi
943 2028 1055 2069 venerere.
1081 2020 1220 2068 Praesertim

194 2105 289 2156 οόόόγε
304 2106 391 2154 falsum
404 2106 542 2153 omninoert
555 2106 691 2153 meretrices
723 2121 777 2153 cum
793 2121 832 2153 eos
844 2107 908 2154 corio
924 2121 973 2154 esse
985 2104 1077 2154 viderur
1092 2121 1221 2171 supinum-

191 2190 363 2257 providentiam
374 2191 470 2250 tollere3
485 2188 689 2239 cuminomnibns
720 2207 763 2238 nes
777 2191 879 2239 comicos
894 2207 972 2240 servos
988 2207 1063 2241 cresso
1081 2201 1106 2239 et
1122 2190 1154 2239 ed
1168 2191 1221 2256 pls·

191 2277 319 2326 Comoediis
331 2278 415 2324 Veueri
423 2278 554 2341 ceterisque
568 2276 637 2337 Deis,
646 2290 687 2339 pa-
719 2291 763 2339 gus
774 2278 917 2334 exercitst03
935 2278 998 2324 sient
1016 2276 1046 2324 nb
1062 2278 1121 2340 ipsis
1136 2275 1220 2340 flagris

191 2365 251 2412 riter
266 2373 294 2410 ut
307 2371 426 2410 matronae
435 2362 526 2423 solent,
541 2369 688 2408 voteetrem
720 2360 810 2407 animos
823 2359 908 2409 ducere
923 2359 1063 2424 videantur,
1080 2371 1105 2409 et
1118 2362 1219 2409 ferocio-

190 2447 295 2497 diriusm
308 2449 406 2496 sacient.
431 2445 492 2512 Quid
513 2444 576 2513 qnod
597 2446 623 2493 iu
638 2454 689 2493 tote
721 2461 759 2493 res
775 2446 830 2494 ritox
850 2444 973 2512 prodeunt.
1005 2444 1135 2495 hdeoent
1155 2444 1219 2495 nihil

189 2534 249 2598 hac,
265 2535 346 2583 velut
358 2550 421 2582 nune
434 2533 575 2597 corrigitur,
591 2540 686 2579 senten·
718 2533 839 2594 sentiunt,
853 2542 909 2594 eut,
927 2532 990 2598 quod
1002 2531 1067 2581 bend
1086 2534 1162 2581 minor
1180 2542 1222 2581 est<

189 2622 223 2669 tin
239 2619 301 2669 nihil
313 2629 437 2684 argutum,
454 2616 517 2666 nihil
531 2633 583 2665 ecre
600 2618 644 2673 sit;
659 2626 688 2664 ut
719 2618 811 2679 virtus,
827 2616 890 2666 nihil
905 2620 993 2667 sentire
1011 2635 1067 2684 pree
1083 2636 1108 2667 se
1125 2620 1218 2667 ferunt.

188 2708 218 2754 in
231 2720 273 2753 ors
288 2721 342 2753 eam
354 2712 428 2767 atquc
441 2705 531 2769 lingua
543 2718 636 2767 semper
643 2701 685 2750 ha·
716 2703 764 2751 llos
779 2704 855 2766 igitur
870 2704 974 2765 mittum,
992 2714 1017 2752 et
1033 2707 1160 2753 terminum
1175 2703 1219 2753 hic

188 2789 257 2838 beret
271 2788 426 2856 philosophus
436 2789 533 2837 Taurus.
550 2786 612 2852 Quid
624 2787 686 2834 mul-
718 2796 828 2835 statuam.
843 2788 925 2835 Fusius
941 2788 1036 2854 quidem
1053 2789 1215 2854 prolixiusque

188 2877 220 2923 tis
232 2892 306 2941 opus,
327 2883 367 2936 tu,
384 2877 405 2923 si
425 2875 504 2938 capis,
522 2888 614 2920 mecum
633 2888 683 2919 cor·
714 2870 777 2919 hunc
792 2874 967 2921 annotationem
976 2872 1128 2922 deduximus:
1146 2890 1215 2935 cnm,

187 2963 249 3024 rigc3
270 2970 309 3022 et,
330 2970 359 3007 ut
383 2958 458 3019 soles,
482 2957 606 3005 literarum
625 2957 684 3003 vici-
716 2959 773 3021 quia
786 2958 889 3022 primum
907 2956 952 3005 hoc
968 2961 1088 3024 specimen
1108 2968 1133 3007 et
1148 2960 1217 3024 quasi

186 3046 250 3096 uiam
266 3044 438 3109 contemplere:
459 3039 569 3106 Ἡδονὴ
592 3040 682 3100 τέλος,
716 3044 803 3108 pignus
826 3053 958 3092 nostrarum
970 3046 996 3092 in
1012 3044 1119 3093 Flaccum
1137 3061 1216 3093 emen·

164 3141 168 3149 ·
185 3131 285 3196 πόρνης
301 3128 400 3192 δόγμα.
417 3128 467 3179 οὐκ
482 3128 539 3178 ἐστὶ
557 3127 683 3193 πρόνοια,
717 3127 840 3178 dationum
862 3130 996 3178 accuratius
1016 3128 1077 3179 mihi
1100 3129 1215 3179 tuendum

187 3214 253 3266 vect
265 3217 365 3284 πόρνης
377 3216 477 3279 δόγμα.
495 3214 682 3279 Voluptassuus·
716 3225 780 3263 eret:
795 3225 858 3277 tum,
872 3224 900 3262 ut
916 3212 1019 3263 relhiue
1032 3217 1122 3279 scient,
1135 3218 1158 3264 si
1172 3218 1218 3282 qui

184 3318 251 3351 mum
280 3305 382 3364 cmm,
412 3302 553 3350 meretricie
584 3301 685 3365 dogma:
716 3301 742 3347 in
768 3299 807 3347 his
827 3301 912 3348 nostrie
940 3298 1101 3349 examinandis
1122 3302 1218 3367 ingenii

186 3388 243 3436 Non
255 3396 295 3437 eat
302 3388 477 3452 procidentia,
496 3402 527 3434 us
542 3386 685 3434 meretricie
716 3384 792 3433 aleam
811 3383 940 3449 subibunt,
957 3385 1034 3435 ndbuc
1049 3386 1131 3452 plures
1146 3386 1215 3436 uobis

186 3475 284 3536 quidem
299 3474 393 3538 degum.
418 3473 533 3521 Nimirum
549 3470 586 3520 bis
609 3471 681 3520 simul
713 3473 825 3536 sagittas,
848 3473 917 3521 κατὰ
939 3473 991 3522 τὸν
1013 3471 1170 3540 Πόγόαρον,
1188 3475 1215 3521 in

185 3559 351 3624 Epicureorum
372 3558 466 3607 decretu
481 3556 610 3605 bellissime
628 3574 682 3605 cou-
714 3556 826 3622 pharetra
842 3573 977 3623 superesse,
994 3558 1081 3624 quibus
1096 3569 1161 3607 reete
1177 3558 1214 3606 di-

186 3643 258 3703 fodit;
277 3644 340 3692 illud
356 3645 479 3692 meretrice
498 3642 596 3708 dignum
617 3659 681 3704 esse,
715 3653 768 3705 cte,
785 3645 806 3691 si
821 3659 877 3692 usus
892 3644 970 3707 feret,
992 3643 1120 3692 defendere
1135 3643 1214 3692 valea·

185 3728 230 3775 hoc
245 3730 283 3777 rel
297 3732 362 3778 infra
376 3731 522 3778 meretricem
545 3744 602 3776 esee.
626 3721 684 3798 Sen-
715 3745 780 3777 mus:
803 3745 934 3795 quaecum
955 3746 1026 3795 prave
1046 3732 1213 3791 irtreuicntur,

184 3816 216 3860 tis
240 3817 287 3863 iem
305 3815 430 3864 aculeum?
461 3811 614 3863 Confiteberis
637 3812 682 3860 hoc
713 3824 741 3861 ut
762 3831 860 3879 peccare
881 3832 937 3864 seue
961 3824 984 3863 et
1006 3814 1108 3863 hominis
1129 3824 1164 3862 est
1189 3824 1214 3862 ct

184 3901 230 3947 rite
244 3901 459 3963 excogitatumi’nu
467 3916 564 3965 perges,
581 3899 619 3947 uti
629 3915 681 3946 coc·
712 3902 851 3963 praesertim
875 3899 942 3948 eliud
963 3916 1032 3963 saepe
1057 3901 1162 3964 ngerrt'm,
1186 3917 1214 3949 cu

185 3986 256 4050 pisti,
274 4000 427 4049 quaecunque
436 4000 488 4032 mea
499 3994 569 4047 suut,
583 3983 680 4046 rodere,
713 3987 803 4049 primus
816 3986 867 4048 ipse
884 3986 996 4048 proiicio,
1014 3983 1213 4050 cuilibetqueim·

184 4071 312 4135 limamque
336 4071 420 4132 miser,
442 4079 470 4117 ut
491 4070 516 4116 in
532 4068 615 4117 lebuls
632 4079 681 4131 est,
714 4085 778 4134 punc
800 4067 962 4133 redarguenda
985 4068 1023 4117 vel
1047 4068 1150 4119 rodenda
1172 4070 1214 4120 dc·

183 4155 294 4206 sibilante
312 4154 408 4221 quidem
425 4154 521 4221 lingue,
543 4153 584 4203 scd
601 4164 625 4202 et
641 4154 681 4204 do-
713 4153 796 4202 stituo.
813 4153 971 4203 BENTLEll‘S.
