3009 5000
246 472 284 537 14
505 468 717 530 lIOIIA'lII
747 466 993 529 urlsroth

272 677 312 749 In
336 675 455 751 vinum
478 671 574 747 ducit
596 670 719 767 eulpae
742 671 842 765 fuga,
868 674 896 743 si
920 680 1012 745 caret
1035 678 1118 745 arte.

242 905 292 953 est;
311 891 399 959 rogaho
414 889 478 939 unde
494 890 594 938 renuit.
624 886 670 936 Sed
685 904 732 936 nou
764 905 811 937 nou
826 892 933 955 quiesse
945 893 1008 939 uult.
1021 892 1070 941 lioc
1085 895 1256 960 tsmeurequi-

242 996 272 1033 οι
288 980 357 1030 Itnlia
371 979 478 1039 venerit,
493 992 575 1025 rerum
591 991 619 1023 ex
636 974 731 1039 propin·
763 976 838 1037 ritur,
855 978 927 1024 sicuti
943 977 968 1024 in
990 977 1098 1028 omnibns
1110 980 1255 1042 Horatianis,

242 1085 289 1136 quo
305 1067 370 1129 loeo,
393 1075 416 1113 et
438 1066 471 1113 sie
489 1070 572 1124 istus,
596 1062 652 1127 quia
668 1078 731 1110 mare
765 1078 826 1128 quae
839 1062 996 1125 antecedunt,
1010 1066 1135 1127 amelium,
1145 1069 1257 1114 edentes

241 1155 372 1220 cognoscit,
393 1151 513 1215 navigavit
519 1185 527 1211 ‚
552 1145 614 1212 qnod
629 1163 676 1194 non
693 1157 731 1194 tu·
763 1155 788 1195 et
808 1149 931 1196 iudicium
947 1159 1092 1212 comuntur,
1108 1153 1202 1213 Ιαόανα,
1220 1167 1258 1199 ee·

242 1251 292 1290 turn
310 1249 345 1288 sst
365 1236 395 1286 ab
412 1235 480 1284 Italis
496 1231 653 1281 venientibus.
678 1232 731 1281 Ore·
763 1241 829 1296 αῖον,
845 1238 978 1299 profiteor,
994 1237 1075 1285 timeo.
1097 1238 1255 1304 Quapropter,

241 1335 289 1375 stes
307 1324 398 1373 mentis
418 1321 480 1369 mele
502 1325 571 1366 lutae
592 1327 627 1366 est
643 1318 734 1366 Orestes
766 1334 821 1382 pro:
848 1320 935 1382 Serpit
953 1320 1022 1366 lurni
1044 1320 1127 1368 TITVS
1151 1320 1258 1370 nimirem

242 1412 370 1463 identidem
387 1410 411 1457 iu
429 1408 532 1457 furorem
549 1405 670 1469 incidens,
690 1408 732 1472 qui
766 1407 916 1470 timidusque
931 1409 1066 1471 procellae,
1091 1409 1185 1456 omnino
1201 1411 1258 1458 scri·

242 1516 295 1549 sum
311 1498 370 1546 furit
385 1494 439 1543 aliis
455 1490 619 1558 periculosum.
642 1492 732 1540 Orestes
764 1491 867 1540 bendum
884 1495 1001 1541 existimo:
1015 1496 1102 1557 Serpit
1115 1496 1183 1541 humi
1195 1496 1258 1542 clv-

242 1596 299 1636 tnnc
312 1601 358 1633 non
372 1592 407 1631 est
421 1588 504 1643 tutes,
524 1590 551 1627 ut
565 1577 663 1627 dicimus
679 1581 731 1626 loeo
763 1579 812 1625 TIS
833 1581 939 1627 nimium
966 1581 1115 1645 timidaeque
1126 1584 1257 1645 procellae.

241 1688 289 1721 mett
306 1677 362 1718 treta
377 1674 443 1717 utut.
463 1665 520 1716 Nem
534 1672 616 1713 tutum
633 1675 668 1713 est
685 1681 734 1713 ere·
766 1665 838 1712 Recte
855 1648 987 1731 sequuntur
1002 1669 1109 1714 nimium
1130 1676 1218 1715 cautes
1232 1675 1258 1715 et

241 1757 297 1807 dere
310 1754 448 1816 blanditiis,
464 1753 582 1818 signifieat
595 1750 734 1816 idemquod
766 1752 887 1814 timidus,
915 1754 971 1817 quia
997 1769 1025 1802 ex
1050 1754 1123 1802 nimia
1148 1755 1258 1802 cautious

237 1844 403 1910 periculorum
429 1847 482 1901 eet5
519 1841 590 1888 sicuti
614 1839 732 1887 Phaedrus
765 1841 840 1887 oritur
862 1841 944 1888 timon
975 1842 1004 1889 lJt
1025 1842 1153 1906 uuicuique
1172 1842 1258 1889 virtuti

241 1929 313 1981 dicit:
338 1927 506 1976 Puteolorum
530 1931 569 1971 est
590 1924 685 1971 eredere
708 1930 734 1971 et
766 1925 870 1972 vicinum
895 1926 992 1990 aliquod
1015 1929 1101 1976 vitium
1125 1930 1257 1993 reperitur,

240 2032 288 2065 stou
299 2014 403 2063 eredere.
420 2011 501 2057 Restat
513 2011 598 2055 unicus
618 2009 734 2072 Propertii
766 2010 802 2056 ita
811 2009 950 2071 pnedentio
965 2016 990 2056 et
1004 2019 1085 2059 metue
1100 2022 1156 2060 sunt
1171 2013 1258 2062 vicina.

241 2104 318 2153 loeus:
341 2101 384 2165 qui
404 2100 425 2146 si
445 2098 479 2144 ito
499 2112 514 2143 a
532 2096 652 2160 Propertio
669 2105 731 2143 esset
764 2097 844 2144 Livius
856 2097 936 2158 XXII,
948 2100 985 2146 12.
1005 2098 1055 2144 Pro
1067 2105 1209 2145 essnetotere
1221 2114 1259 2146 ee·

240 2191 354 2253 scriptus,
381 2195 404 2232 et
421 2199 484 2242 eam,
506 2197 576 2245 quam
597 2181 669 2229 multi
686 2183 730 2230 tri-
759 2199 850 2248 guero,
872 2190 898 2230 et
913 2190 984 2230 eunte
1002 2184 1118 2232 timidum
1133 2185 1259 2247 eornpelle·

239 2276 357 2335 buerunt,
374 2270 473 2318 haberet
492 2269 634 2321 sententiam
647 2285 734 2318 cavens
766 2271 816 2318 lut.
834 2268 898 2318 Idem
911 2270 989 2333 XXII,
1005 2272 1045 2320 39.
1064 2272 1125 2319 Sine
1142 2270 1259 2318 timidum

239 2359 453 2423 εὐλαβούμενος,
462 2355 524 2405 nihil
537 2358 666 2407 inflorntio
679 2369 730 2407 ten·
758 2375 806 2424 pro
821 2368 906 2421 cuuto,
922 2360 1019 2408 turdum
1030 2375 1079 2424 pro
1090 2359 1257 2421 eorsuideroto,

239 2462 290 2503 tore
311 2446 462 2505 deberemus,
484 2444 540 2507 quia
566 2451 637 2493 tetes
659 2444 729 2490 timi·
761 2445 881 2493 imbellem
908 2460 957 2507 pre
974 2447 1060 2508 pereto
1083 2446 1142 2492 delli
1164 2454 1256 2494 vocent.

240 2541 330 2601 ampelo
341 2532 462 2598 procellae
479 2538 540 2578 esset
555 2544 643 2578 cavens
658 2537 684 2578 et
700 2532 734 2577 ts'·
767 2531 796 2578 Ut
812 2530 859 2578 alia
875 2531 982 2592 mittum,
1005 2547 1065 2597 quoe
1081 2531 1145 2596 apud
1160 2530 1257 2581 histori-

240 2640 307 2676 ωας
318 2620 458 2686 precellere.
490 2614 537 2664 Sed
553 2621 624 2663 totos
640 2625 733 2664 tantum
766 2633 804 2664 eos
826 2625 851 2664 et
871 2627 974 2665 oratores
993 2618 1081 2667 similia
1102 2619 1257 2669 inveniuntur

239 2713 330 2778 legitur
345 2710 375 2763 in¹
385 2722 432 2754 uno
448 2704 494 2755 IIS.
511 2705 663 2769 Propertiauo
676 2703 730 2752 Sea·
762 2706 788 2753 iu
810 2722 861 2753 earn
880 2708 1035 2768 senteutiam,
1058 2709 1126 2756 euius
1141 2711 1258 2775 antiquis-

239 2798 324 2864 ligem,
345 2795 371 2840 iu
387 2790 496 2856 plurimis
511 2799 591 2837 antem
606 2788 645 2837 vel
661 2791 731 2837 eiures
763 2791 835 2838 simus
856 2801 939 2839 auctor
960 2794 1069 2857 cognitus
1090 2805 1125 2843 est
1139 2795 1258 2862 Thucydid

239 2884 396 2940 velitisne,
419 2876 482 2926 uude
504 2877 548 2926 alii
565 2877 636 2926 aliter
652 2879 729 2925 eouie·
761 2875 802 2925 des
817 2877 917 2940 111,ae
940 2878 1027 2938 ταλμά
1049 2877 1097 2940 μὲν
1117 2884 1169 2950 γὰρ
1189 2883 1256 2933 ἀλό-

240 2978 340 3030 cerunt,
377 2974 402 3012 et
429 2962 592 3012 Lachmannus
628 2964 730 3011 coniecit
762 2977 864 3025 γιστας,
883 2962 983 3030 ἀνδρία
996 2964 1149 3034 pellemque
1165 2969 1256 3028 ἓνομί-
1347 2976 1349 2979 ’

232 3060 314 3121 fim,
336 3062 374 3114 et,
396 3048 459 3116 quod
478 3051 576 3098 sortasse
597 3050 728 3114 optimum,
762 3053 831 3115 σθη.
843 3050 967 3116 μέλλησις
979 3049 1010 3100 δὲ
1024 3058 1181 3122 προμηθὴς,
1197 3058 1256 3107 δεν-

240 3138 405 3199 hIarltlandus,
437 3145 529 3184 mutata
561 3131 728 3198 distinetione,
764 3135 810 3185 llo
828 3136 973 3205 εὐπρεπής.
1001 3139 1050 3187 lam
1066 3157 1119 3189 eum
1140 3141 1192 3191 loco
1209 3144 1256 3190 Ho-

242 3228 363 3279 oouiunxit
379 3224 489 3272 servulis
504 3222 614 3285 eredere,
635 3221 681 3270 hoe
695 3233 730 3270 est
763 3225 870 3285 rationo,
887 3241 902 3272 a
918 3240 955 3272 me
970 3224 1107 3289 emendato,
1121 3245 1256 3294 comparau-

242 3314 337 3367 oooehie
351 3311 455 3360 eredere.
473 3310 591 3375 Apparet,
604 3310 631 3357 ni
644 3309 729 3373 fallor,
764 3308 793 3357 da
809 3321 864 3358 sunt
877 3310 936 3359 haee
949 3313 1091 3375 Quintiliani
1106 3313 1183 3361 instit.
1192 3313 1255 3361 Orat.

244 3402 302 3453 talia
318 3396 425 3463 exempla
440 3395 502 3445 nihil
518 3394 597 3443 valere
613 3394 644 3443 ad
657 3396 733 3462 expli·
764 3397 873 3460 t111‚e.
905 3400 972 3447 [Iule
996 3400 1137 3463 quitantiam
1161 3405 1257 3448 ceretro·

176 3489 180 3496 ’
243 3486 342 3536 eandum
373 3481 435 3532 illud
466 3490 572 3530 nostrum
597 3488 668 3531 toruo
691 3486 731 3531 αα·-
763 3486 829 3532 elem
845 3485 970 3547 studium,
979 3486 1131 3552 fugiuntee
1145 3486 1257 3546 refer-nri·

240 3577 317 3624 misem
334 3571 483 3632 timidusque
490 3570 619 3633 precellere.
642 3571 736 3619 Bentle·
769 3572 831 3618 dont
849 3587 940 3619 ανααανα
964 3574 1025 3620 hune
1045 3574 1075 3619 in
1099 3571 1198 3619 dicendo
1219 3587 1258 3618 vo·

241 3655 512 3724 iusquidemadHorat.
527 3655 732 3720 Serm.11,1‚oo‚
766 3660 903 3722 luptetem,
930 3661 999 3708 oittt
1022 3659 1171 3723 prodentes,
1201 3659 1256 3705 miei

241 3742 338 3794 eundem
353 3742 487 3807 opinionem
499 3743 623 3807 sequitur,
637 3742 730 3791 aSchu·
759 3746 861 3808 plenum
885 3752 912 3792 et
935 3745 1028 3793 humile
1045 3750 1071 3789 et
1086 3743 1140 3789 sine
1158 3750 1256 3792 eenole.

240 3830 317 3880 liastis
348 3829 396 3875 iam
424 3827 614 3890 disseminatam,
650 3834 732 3875 testem
763 3830 819 3891 Ite,
844 3830 901 3876 clem
921 3830 1056 3877 timentes
1070 3829 1202 3891 aliquunde
1217 3847 1258 3878 ee·

241 3915 373 3981 significare
386 3930 440 3962 eum
452 3916 496 3978 qui
512 3922 582 3963 tetris
597 3930 650 3962 esee
662 3916 733 3979 eupit
765 3916 840 3977 dont,
864 3930 958 3978 seraper
973 3915 1064 3961 iurent.
1095 3914 1123 3961 Iit
1138 3915 1257 3980 longinus

241 4011 266 4049 et
278 3998 383 4061 laborat,
399 3998 439 4047 sed
452 3998 515 4048 nihil
528 4009 622 4064 praeter
638 4015 730 4064 versum
763 3997 792 4046 de
808 3997 907 4047 Sublim.
925 3997 989 4061 53³.
1005 4001 1053 4057 τὰς
1067 3997 1114 4059 μὲν
1128 4003 1257 4057 ταπεινὰς

240 4106 269 4139 ex
285 4089 340 4135 Arte
356 4086 465 4150 Poetiea,
488 4087 567 4137 affert
588 4090 668 4136 Testes
684 4089 730 4153 sig·
763 4086 809 4134 καὶ
826 4086 908 4145 μέσας
925 4086 1031 4146 φύσεις,
1051 4086 1146 4137 διὰτὸ
1164 4087 1256 4151 μηδα-

239 4177 321 4226 nificat
344 4189 397 4223 eum
418 4174 461 4239 qui
481 4189 562 4223 revera
587 4181 658 4222 tetus
673 4180 728 4235 eet,
762 4175 800 4235 μῆ
817 4170 1077 4237 παρακινδυνεύειν,
1096 4171 1166 4238 μηδὲ
1182 4172 1256 4231 lole-
