3009 5000
269 488 309 550 84
530 490 745 555 HORATII
776 487 1022 548 EPISTULA

304 689 462 784 Colligit,
487 713 526 762 eo
547 692 643 786 ponit
667 698 811 781 temere,
837 695 872 760 et
899 695 1050 759 mutatur
1073 689 1111 758 in
1129 687 1240 758 hores.

265 914 343 963 Bentl.
359 915 470 962 neoterio
487 931 530 979 pro
538 915 655 962 notorie.
679 911 764 960 Viden·
796 929 838 977 pro
860 910 1089 960 Nettutsotuots
1114 912 1208 961 omnino
1229 926 1298 975 repo·
1318 907 1322 911 “

265 1000 321 1049 dum
335 1016 366 1047 en
378 1002 489 1048 maturis
499 1016 590 1048 omnem
598 997 764 1047 difficultatem
796 997 899 1046 nendum
916 997 1018 1046 arbitror
1034 995 1296 1045 srtollseouuttott

265 1084 385 1149 expediat.
408 1085 481 1134 ,duni
505 1067 617 1146 oratori,
642 1099 684 1148 pro
705 1083 763 1131 anni
794 1084 897 1132 Aetatis
915 1086 1032 1146 casiasque
1048 1085 1153 1131 notandi
1169 1090 1229 1131 sant
1248 1082 1297 1130 titi

264 1178 377 1219 maturae
393 1173 504 1233 aetatis,
517 1172 626 1218 Latinum
641 1177 689 1216 est:
707 1169 764 1216 enni
796 1184 888 1231 mores,
911 1170 1090 1233 Mobilibnsqno
1111 1170 1182 1216 decor
1203 1168 1299 1216 stodiis

201 1291 206 1299 ,
264 1257 381 1318 mobiles,
404 1246 446 1321 pro
466 1256 521 1304 uniri
542 1255 637 1302 aetatis
652 1254 765 1317 puerilis
797 1255 920 1302 addendas
940 1262 967 1302 ot
986 1256 1069 1302 annis.
1098 1253 1198 1303 Observa
1222 1270 1298 1301 mores

266 1350 292 1388 et
307 1342 444 1401 iuvenilis,
461 1340 481 1386 si
496 1340 606 1387 Latinum
622 1339 670 1401 sit,
688 1348 767 1387 tamen
800 1340 913 1404 cuiusque
931 1341 1029 1401 aetatis,
1052 1337 1111 1387 adde
1125 1338 1232 1387 decorem
1249 1347 1299 1386 otu·

265 1425 402 1490 ambiguum
416 1434 460 1472 est.
478 1423 535 1471 Nam
546 1433 570 1472 et
583 1433 639 1473 sunt
652 1423 764 1487 mobiles,
798 1423 856 1487 diis,
872 1441 993 1490 quaecum
1003 1427 1070 1473 anuis
1079 1434 1214 1472 mutentur:
1228 1426 1298 1489 pueri

263 1527 383 1576 nunquam
404 1519 505 1571 stantes,
527 1526 619 1575 semper
641 1519 724 1558 cuntes
741 1519 766 1558 et
799 1511 861 1557 enim
880 1509 942 1571 hoc,
965 1509 1124 1558 adolescentes
1144 1508 1224 1572 illud,
1252 1510 1299 1558 viri

263 1598 310 1645 cito
324 1593 384 1660 pede
398 1594 517 1644 labentest
532 1595 596 1660 quod
608 1594 637 1643 de
646 1594 764 1644 ‘omnibus
796 1595 857 1659 alia,
868 1595 991 1657 aliasenes
1000 1597 1078 1644 facere
1086 1594 1192 1661 qnotidie
1201 1605 1295 1652 umuut3

261 1671 761 1747 ennisuniverse‚nondesinguiuripurte
795 1681 843 1729 alie
864 1691 930 1729 oetas
950 1682 1009 1729 alios
1028 1680 1103 1730 hehet
1121 1697 1207 1730 mores.
1232 1681 1295 1731 Haeo

262 1763 361 1837 dicitur.¹
376 1767 401 1814 si
414 1765 483 1813 homo
496 1768 597 1815 mobilis
608 1777 633 1815 et
646 1775 762 1816 constane
793 1768 957 1823 suntotnda'o.
972 1767 1051 1816 Cicero
1061 1767 1091 1815 de
1099 1767 1226 1816 Senectute
1236 1782 1292 1832 cap.

263 1863 329 1900 recte
344 1862 508 1918 opponuntur,
522 1852 575 1901 ideo
586 1871 632 1902 non
643 1863 707 1901 recte
722 1869 763 1918 op·
795 1855 836 1901 20.
864 1855 938 1918 Sanc·
950 1861 976 1901 ct
990 1855 1106 1902 iconentis
1120 1854 1297 1901 adolescentiae

262 1939 454 2004 ponunturiunni
470 1940 571 1987 mobiles
584 1949 609 1987 et
624 1946 766 1986 constantes
797 1939 884 1986 stedia
889 1960 899 1997 5
913 1955 972 1986 nam
985 1955 1013 1986 aa
1022 1941 1139 1986 constane
1150 1941 1203 1986 iam
1215 1940 1296 2002 requi·

262 2026 311 2073 sive
333 2025 436 2072 motari.
462 2026 567 2072 Mobilis
582 2032 654 2073 oetas
673 2023 762 2071 vitulo·
794 2026 833 2071 rit
845 2031 928 2087 oetan,
938 2040 998 2087 quaa
1011 2026 1092 2072 medio
1104 2022 1223 2073 dicitnr?
1231 2026 1298 2073 Sunt

260 2125 314 2157 rum
330 2108 394 2174 epud
411 2109 534 2175 Virgilium
552 2120 587 2158 cst
605 2108 686 2157 eodem
703 2126 764 2175 quae
797 2112 874 2157 etiam
890 2112 965 2159 haino
980 2114 1090 2160 aetatis:
1110 2127 1141 2159 ne
1154 2127 1182 2159 ea
1199 2111 1296 2173 quidem

260 2197 356 2258 mollis,
383 2194 439 2243 dum
460 2196 533 2244 vituli
558 2204 655 2261 possunt
672 2197 762 2259 flecti,
795 2204 948 2259 quaeruntur
970 2213 986 2244 a
1010 2205 1142 2245 senectute.
1180 2196 1245 2245 Idem
1267 2195 1296 2244 de

211 2296 217 2302 ·
260 2279 322 2330 colla
337 2279 427 2329 habent
440 2283 539 2343 mollia,
552 2283 662 2330 modilia.
683 2283 759 2347 Atque
792 2282 901 2331 Amicitia
918 2273 958 2331 ’10.
991 2285 1092 2331 Mutari
1118 2286 1196 2331 etiam
1218 2298 1297 2330 mores

259 2369 296 2416 ita
317 2368 417 2414 mobiles
432 2368 495 2414 anni
515 2367 554 2415 vel
575 2369 675 2416 mobilis
690 2376 762 2416 aetas
794 2370 919 2416 honinem
931 2385 1003 2433 saepe
1015 2370 1122 2431 dicebat,
1133 2370 1201 2417 alios
1212 2369 1297 2416 adoer-

259 2469 388 2519 puerorum
405 2462 429 2500 et
446 2452 630 2503 adolescentium
648 2464 708 2502 esset
725 2455 762 2502 in·
793 2455 832 2502 eie
845 2455 929 2515 redas,
947 2456 1014 2502 otios
1028 2462 1112 2502 aetate
1125 2456 1297 2540 ingravescen-

261 2536 423 2604 terprctnnde.
439 2537 485 2586 Sed
498 2538 542 2586 hoc
559 2534 608 2586 dici
622 2548 716 2604 poterat
733 2538 762 2587 de
797 2546 828 2586 te.
855 2539 937 2600 Atque
958 2555 1041 2586 eornm
1062 2551 1145 2586 reram
1162 2542 1297 2603 eemeplum

257 2626 354 2689 pneris,
364 2622 448 2672 nonde
457 2624 762 2689 odolescentidos‚quisint
795 2639 826 2671 ee
849 2625 1019 2671 similitudine
1048 2626 1161 2688 capiebat
1183 2627 1298 2675 ineuntis

261 2709 375 2759 sublimes
384 2719 408 2757 et
417 2712 501 2773 asperi
508 2711 673 2758 moniton'dne
681 2728 690 2757 .·
698 2709 767 2757 odeo·
799 2711 905 2771 aetatis,
918 2711 981 2771 quod
992 2712 1082 2758 summi
1089 2726 1223 2774 puerorum
1233 2728 1298 2761 oneo
1334 2729 1337 2738 ‘

260 2812 307 2862 que
316 2796 475 2857 naamatites,
483 2794 524 2843 sed
532 2797 765 2845 immobilesAEmen·
796 2810 838 2842 res
854 2810 925 2859 saepe
941 2811 990 2843 ana
1006 2811 1060 2843 enm
1074 2804 1209 2860 praetenta
1222 2813 1297 2863 pono·

260 2880 435 2930 dationiuutem
441 2880 593 2930 Bentleionee
602 2881 647 2930 hoc
655 2883 763 2946 inprimis
795 2888 890 2929 rentur.
908 2880 981 2929 Recte
997 2880 1076 2930 Cicero
1089 2898 1180 2946 moros,
1194 2901 1240 2932 non
1253 2899 1296 2931 na·

260 2965 347 3016 obstat
357 2965 470 3031 obtura,
481 2968 630 3032 praeciperet
638 2967 761 3028 Horatius,
796 2975 875 3017 turae.
889 2968 1000 3016 Horatius
1014 2985 1068 3016 mox
1082 2969 1189 3034 appellnt
1200 2984 1296 3018 conver·

260 3070 337 3102 moreo
354 3062 457 3118 quatuor
472 3063 586 3102 aetatum.
605 3054 638 3100 Da
656 3050 764 3107 decerem
797 3054 836 3100 sie
843 3054 940 3101 stadiis
947 3052 1094 3116 adolescens,
1100 3053 1213 3120 prodigus
1220 3058 1294 3119 ueris,

262 3141 331 3188 anuis
347 3136 579 3203 mobilibustpueris
594 3147 618 3186 et
631 3136 766 3186 odolescen-
797 3140 834 3186 vir
849 3140 927 3187 sactus
945 3140 1039 3203 quaerit
1056 3156 1119 3204 opes.
1142 3140 1236 3189 Ovidius
1249 3143 1296 3189 ide·

261 3221 350 3288 tilius),
367 3222 397 3271 da
413 3227 483 3275 annio
498 3225 596 3272 maturio
609 3221 675 3287 (viris
692 3232 716 3271 ct
730 3239 766 3271 se·
798 3233 854 3273 tam.
868 3224 933 3284 XIV,
947 3225 1002 3271 634.
1024 3225 1074 3272 Hie
1090 3241 1170 3286 amor,
1187 3227 1230 3273 hoo
1243 3233 1296 3273 stre

259 3306 348 3372 uibus).
366 3312 415 3358 lam
423 3310 534 3359 Horatius
545 3307 694 3357 contraheret
705 3325 762 3374 que-
794 3310 879 3357 dium:
891 3318 916 3356 et
928 3310 975 3356 iam
991 3310 1104 3376 Virgilius
1115 3313 1172 3359 den.
1182 3312 1227 3372 xl,
1239 3312 1294 3360 teo.

261 3406 315 3445 tuor
336 3406 427 3445 aetates
446 3399 472 3446 in
493 3394 568 3459 duas,
590 3396 658 3461 quasi
681 3394 762 3444 cedem
795 3396 846 3442 Ilio
863 3409 944 3456 amor,
966 3397 1009 3444 hoo
1024 3398 1143 3445 studium.
1169 3396 1248 3443 Cicero
1266 3395 1295 3445 de

261 3479 418 3547 descriptione
433 3497 525 3546 pnoros
540 3489 565 3529 at
581 3481 760 3544 adolescentes,
793 3479 888 3527 oratore
907 3480 958 3542 111,
980 3483 1010 3544 7,
1037 3483 1123 3530 stedia
1144 3491 1170 3529 et
1191 3489 1297 3531 naturas

262 3566 344 3620 eadem
360 3569 429 3615 viros
443 3574 470 3615 ot
485 3582 556 3615 senes
570 3566 696 3632 complecti
709 3583 763 3631 pos·
797 3564 919 3613 distinxit:
937 3566 999 3629 qaid
1012 3568 1120 3615 intersit
1132 3568 1206 3614 inter‘
1215 3575 1296 3616 orato·

260 3655 347 3715 ois,eo
355 3652 475 3701 sufficeret
483 3651 643 3712 iilud:eltero
653 3661 718 3700 oetas
732 3661 767 3698 est
799 3666 854 3698 ram
874 3652 961 3699 stedia
984 3660 1058 3714 otqne
1078 3658 1197 3712 nameus,-
1219 3662 1244 3701 et
1266 3652 1296 3701 de

260 3739 372 3801 mobilis,
387 3737 462 3786 ultera
472 3740 570 3803 gravis.
588 3740 640 3802 lpse
651 3738 764 3785 *Horatius
795 3736 888 3784 invent.
901 3736 972 3785 Rhet.
983 3738 1009 3797 1,
1021 3737 1067 3798 25,
1083 3737 1195 3785 stodiam
1208 3739 1241 3787 sio
1256 3757 1295 3788 ex·

261 3821 347 3872 deinde
363 3822 481 3885 ostendit,
499 3822 590 3871 diverso
604 3840 652 3871 esse
666 3823 763 3886 ingenie
796 3821 913 3886 plicavit-t*
923 3822 1041 3870 Studium
1054 3829 1093 3869 eet
1102 3825 1184 3871 onim
1193 3826 1296 3874 assideo

255 3910 334 3973 pueri
352 3917 380 3957 et
401 3909 579 3972 adolescentis,
599 3907 690 3956 diversa
709 3908 762 3954 oiri
794 3914 820 3954 et
836 3909 960 3955 vehemens
975 3908 1009 3954 ad
1023 3909 1133 3970 aliquem
1148 3924 1200 3958 rem
1215 3913 1295 3976 appli-

260 4001 286 4041 et
298 3996 374 4043 senio.
389 3995 467 4059 longe
482 3993 548 4043 eliud
562 4004 675 4056 est‚cum
689 4008 762 4040 annos
795 4000 851 4040 cato
872 4008 962 4057 magna
982 4008 1037 4040 cnm
1057 3995 1184 4043 volentate
1199 4012 1294 4061 coccapa-

259 4080 388 4128 venientes
412 4089 437 4127 et
458 4080 595 4128 recedentes
616 4077 760 4142 distinguit,
795 4079 839 4126 tio.
853 4078 976 4126 Horatium
989 4076 1050 4125 bene
1063 4082 1180 4144 expressit
1193 4082 1222 4130 Η.
1237 4080 1294 4130 Vide

260 4180 387 4230 corumque
404 4163 462 4213 duas
474 4173 554 4229 partes
566 4163 697 4213 constituit.
711 4164 759 4227 Ego
791 4164 855 4213 Poet.
869 4164 907 4224 ΙΙ,
921 4165 976 4212 455.
994 4165 1061 4211 Iline
1075 4167 1159 4213 varios
1170 4180 1293 4229 moresque
