3009 5000
285 447 326 510 so
549 418 761 506 uonrrrr
792 441 1037 506 rrrsroir

314 649 464 740 sessuri,
488 602 596 718 donec
621 652 757 736 cantor,
782 665 841 713 vos
860 642 1033 738 plaudite,
1058 645 1163 717 dicat:

281 874 378 923 dicrum
392 874 654 936 quoquoliceotiomet
662 869 779 931 fautores
810 876 859 915 tem
876 867 1002 916 satoriam
1016 876 1100 933 tenet,
1118 869 1177 919 adeo
1191 880 1219 918 nt
1234 869 1265 919 ab
1282 887 1311 918 en

281 959 434 1007 histrionum
450 960 518 1007 volut
532 960 561 1007 in
572 959 670 1023 proelio
685 968 781 1002 conam·
812 962 882 1017 poeta
900 969 1020 1018 nunquam
1033 955 1160 1003 veritatem
1173 957 1312 1021 cogniturus

285 1045 329 1093 tit.
346 1045 374 1092 Et
390 1046 477 1092 iterum
485 1045 525 1093 28.
545 1043 614 1102 Quod
624 1039 778 1089 immodestos
809 1040 848 1086 sit.
871 1037 1010 1103 Requiritur
1033 1041 1148 1104 auditor,
1170 1043 1221 1090 sine
1243 1059 1311 1107 prae-

278 1129 398 1191 ftmtoros
418 1132 569 1179 histrionum
592 1135 618 1175 et
638 1142 654 1173 u
665 1130 782 1187 praetore
814 1121 919 1173 iudicata
944 1125 1071 1189 opinione,
1089 1127 1115 1174 in
1133 1137 1242 1176 neutram
1259 1144 1314 1192 par·

284 1218 315 1264 in
337 1218 437 1264 vinculo
457 1217 541 1263 ductos
563 1212 676 1259 intortus
697 1211 784 1256 ornitti
816 1219 864 1257 tem
886 1219 1030 1273 commotus,
1057 1211 1144 1276 quide
1161 1212 1314 1263 sabulaacta

285 1304 412 1351 iussisset.
429 1301 506 1348 Cicero
520 1315 561 1363 pro
575 1296 657 1344 Roscio
670 1292 782 1342 comoedo
814 1294 922 1357 iudicat,
940 1312 991 1343 eam
1008 1295 1106 1361 probat,
1123 1297 1190 1347 sedet
1203 1297 1233 1347 nd
1243 1302 1314 1363 plau·

287 1405 308 1439 c.
324 1390 362 1436 10.
381 1376 450 1443 Quod
463 1384 573 1432 stodiam
589 1389 615 1429 et
630 1396 699 1445 quem
706 1380 780 1440 savo-
811 1381 878 1443 dite,
897 1391 921 1428 et
935 1397 949 1429 a
963 1391 1057 1430 cantore
1065 1392 1175 1448 rogatus,
1190 1401 1219 1433 ex
1235 1387 1314 1433 animo

286 1488 336 1520 rem
357 1486 437 1518 socam
451 1473 481 1517 io
499 1484 594 1517 soom
607 1468 700 1515 attulit
716 1467 783 1513 Pon·
815 1465 917 1531 plaudit.
934 1467 1011 1532 Atque
1028 1465 1106 1530 banc,
1129 1470 1199 1517 unice
1219 1487 1313 1533 veram,

287 1553 386 1622 argus?
408 1555 477 1614 Quod
493 1553 653 1613 liosciifuit
674 1552 783 1615 discopu—
815 1553 957 1600 sententiam
1000 1553 1162 1601 nanciscemur
1200 1555 1316 1604 facillima

288 1644 341 1705 lus,
359 1643 403 1705 qui
415 1641 554 1706 diligebant
563 1638 639 1699 buno,
656 1638 702 1685 illi
710 1637 784 1697 save·
817 1635 995 1699 emendatione,
1012 1655 1054 1703 pro
1068 1638 1242 1688 stetissetis
1259 1643 1316 1689 seri·

288 1729 354 1777 iant.
379 1726 508 1792 Appuleius
531 1725 557 1772 in
583 1721 694 1771 Floridis:
721 1724 783 1770 Cura
813 1720 897 1773 bentes
913 1722 1106 1788 SPELTilllRlS,
1131 1735 1156 1774 et
1179 1742 1260 1775 versus
1280 1728 1317 1776 ita

283 1815 379 1880 prioris
397 1814 439 1861 boo
459 1809 616 1875 spectandum
634 1824 700 1871 esse,
723 1807 786 1871 quit
816 1817 1008 1873 transponentes:
1025 1811 1181 1874 Spectatorie
1192 1827 1263 1877 eges,
1274 1829 1317 1861 aa·

287 1903 318 1949 in
347 1901 442 1948 theatro
470 1894 651 1960 teprstsndas:
675 1909 733 1940 num
758 1894 785 1940 si
817 1894 871 1940 laea
892 1895 1035 1957 meantis,
1059 1904 1085 1944 et
1106 1913 1181 1960 usqua
1198 1900 1315 1962 Seruari,

289 1989 385 2036 Mimas
400 1991 452 2045 est,
469 1982 574 2041 νίεοήες
597 1981 623 2027 si
636 1979 786 2042 fuoirspus,
819 1979 891 2027 macc
906 1987 1010 2043 cantu,
1028 1996 1070 2030 nos
1081 1984 1212 2047 plaudite,
1227 1982 1318 2033 dicut?

290 2070 457 2129 timueris5si
471 2065 662 2127 Corooedioest,
671 2063 787 2125 faverim
821 2066 859 2112 Tu
887 2065 949 2127 quid
968 2080 1028 2131 ogo,
1054 2074 1081 2114 et
1099 2071 1206 2132 popalus
1226 2085 1319 2118 mecum

264 2158 276 2171 ⁹
289 2159 315 2206 si
338 2154 515 2219 Philosophus,
547 2150 676 2199 didiceris.
721 2150 787 2197 BEN·
819 2150 955 2213 desideret,
970 2152 1038 2201 audi.
1056 2152 1080 2201 si
1094 2164 1264 2218 spectatorem,
1282 2156 1319 2203 sa-

289 2241 393 2292 ·pfflps,
755 2259 757 2263 ·
821 2234 891 2285 bulas
915 2245 969 2285 tuas
986 2253 1041 2286 rere
1060 2238 1212 2289 laudaturum
1236 2243 1317 2308 cupis,

322 2330 365 2377 Per
373 2324 558 2376 emendationem
570 2321 786 2372 Bentleianamboc
817 2321 887 2384 audi,
910 2321 968 2388 quid
985 2340 1028 2389 ego
1048 2334 1072 2372 et
1089 2326 1208 2391 populus,
1234 2343 1278 2393 ego
1294 2336 1320 2375 et

290 2424 383 2465 tantum
397 2411 552 2477 proiecimus,
566 2418 595 2457 ut
608 2409 703 2474 ingrata
719 2424 788 2473 repe·
820 2417 900 2472 patres
919 2410 1072 2474 equitesque,
1096 2427 1139 2476 ego
1163 2422 1187 2460 et
1208 2412 1250 2461 alii
1271 2429 1320 2460 me·

290 2503 345 2551 titio
354 2498 483 2565 plausoris
495 2497 580 2544 sessuri
588 2511 661 2560 usque
676 2491 786 2558 adplna-
819 2510 871 2541 cum
880 2491 1023 2542 desiderent.
1037 2493 1187 2560 spectatores
1198 2497 1319 2549 interdum

292 2588 346 2635 alite
358 2600 404 2632 non
418 2581 520 2646 amplius
529 2588 650 2645 appareat.
667 2580 790 2627 Caeterum
823 2577 919 2645 quidem
935 2580 960 2627 in
977 2579 1097 2645 prioribus
1112 2581 1204 2632 actibus
1220 2585 1321 2634 nonnul·

291 2686 367 2736 neque
377 2670 480 2734 plorator
498 2682 575 2732 neque
583 2664 675 2726 fautor
695 2673 790 2712 senten·
821 2663 857 2711 los
886 2680 967 2713 versus
993 2664 1078 2730 plausu
1109 2669 1320 2735 prosequebantur.

294 2758 342 2806 tiae
359 2755 406 2803 loci
420 2754 536 2802 convenit.
547 2752 596 2800 Hoc
602 2753 638 2800 ita
647 2750 788 2799 demonstro.
821 2749 877 2797 Cum
894 2752 921 2799 in
939 2748 1022 2800 sabula
1040 2753 1134 2803 Pacuvii
1151 2756 1250 2822 Pylades
1267 2758 1322 2806 Orc·

293 2843 379 2909 igitur
393 2840 433 2888 bic
451 2837 481 2887 de
499 2837 578 2887 iudice
599 2835 735 2903 tragoediae
751 2837 788 2884 in·
820 2845 881 2884 stem
893 2852 918 2883 se
933 2853 982 2885 esse
996 2836 1101 2902 diceret,
1115 2850 1143 2889 ut
1155 2853 1236 2891 narrat
1243 2835 1322 2891 Cicero

294 2940 361 2995 tegio
380 2934 405 2975 et
422 2926 571 2989 incorrupto,
590 2924 647 2989 qui,
664 2920 723 2987 quid
738 2937 791 2970 sen·
822 2919 852 2969 de
868 2920 978 2971 tntum
1000 2939 1052 2988 cap.
1068 2927 1098 2987 t,
1119 2926 1211 2977 Orestes
1228 2938 1321 2990 autem,

295 3018 354 3077 tint,
371 3028 418 3060 non
431 3010 593 3075 aperitprius,
610 3016 791 3074 quamrentum
822 3008 858 3056 ita
874 3017 903 3055 ut
917 3017 982 3071 erat,
1007 3008 1112 3059 Orestem
1127 3028 1152 3060 se
1175 3030 1224 3063 esse
1244 3030 1322 3080 perse·

295 3109 331 3149 est
345 3096 466 3147 adfinem.
480 3096 505 3143 Si
518 3092 640 3160 tragoedia
656 3092 702 3141 tali
716 3091 792 3140 iudici
824 3102 935 3155 vetaret,
959 3103 1049 3144 stantes
1074 3097 1220 3162 plaudebant
1246 3101 1273 3149 in
1295 3115 1322 3148 re

294 3186 391 3252 placet,
408 3190 501 3243 manet,
517 3179 591 3228 donec
606 3178 690 3228 aulaea
703 3177 790 3226 tollan·
821 3179 886 3227 ficta.
903 3177 950 3226 Sed
974 3178 1017 3228 hos
1030 3173 1131 3247 ⁴plausus
1149 3187 1223 3251 magis
1244 3187 1324 3251 expri-

292 3281 352 3333 tur,
376 3278 428 3316 tum
451 3264 553 3331 plaudit.
579 3266 624 3329 Qui
638 3266 743 3328 plausor
767 3273 792 3311 et
824 3260 904 3311 mebat
919 3265 1102 3317 risnaturaeet
1117 3272 1238 3332 veritatis,
1253 3286 1323 3336 quam

287 3357 379 3420 suntor
394 3354 487 3414 intrat,
508 3350 549 3399 bic
564 3367 611 3398 non
625 3350 789 3414 incorruptum
821 3346 944 3397 admiratio
969 3362 1067 3416 poetae:
1093 3371 1170 3421 neque
1192 3354 1322 3405 Athenien-

294 3439 411 3491 iudicium
428 3435 513 3499 affert,
527 3434 568 3484 sed
579 3436 671 3484 auctori
683 3436 731 3483 iam
744 3443 791 3482 sta·
823 3449 876 3497 ses,
898 3433 1012 3486 histrione
1030 3438 1120 3489 iambos
1139 3456 1168 3489 ex
1184 3440 1324 3506 Amphiarao

297 3528 342 3575 tim
358 3525 437 3585 favet,
453 3521 491 3569 vel
508 3518 538 3569 ab
552 3537 579 3568 eo
592 3518 733 3568 subornatus
741 3528 791 3583 est,
824 3517 936 3586 Aeschyli
951 3524 1081 3587 recitante,
1102 3523 1134 3574 od
1157 3526 1209 3592 γὰρ
1233 3526 1325 3578 dessio

297 3619 327 3659 ut
345 3610 432 3658 faveat.
465 3606 563 3654 Plautus
583 3605 600 3654 l.
615 3605 632 3654 l.
655 3606 701 3654 boc
724 3614 793 3653 vocat
827 3603 945 3666 δίκαιος,
970 3606 1030 3657 ἀλλ’
1051 3599 1121 3659 risus
1141 3610 1235 3676 θέλει,
1258 3613 1326 3679 plau·

297 3697 410 3753 fautores
423 3693 555 3758 delegatos.
572 3692 605 3739 De
619 3690 703 3752 iisdem
719 3691 799 3738 Petro-
830 3691 925 3756 serunt,
937 3692 992 3756 sed,
1008 3703 1036 3741 ut
1049 3693 1132 3744 scribit
1147 3697 1288 3748 Plutarchus
1299 3701 1326 3749 in

295 3784 354 3831 aius
369 3780 446 3845 Satyr.
466 3794 517 3842 cap.
533 3778 558 3825 t.
574 3791 633 3825 mooe
647 3779 751 3841 plausor
767 3778 796 3823 in
827 3777 929 3826 Aristide
943 3780 1034 3844 capii,
1051 3781 1151 3840 misaac
1163 3782 1326 3846 ἀπέβλεψαν

191 3896 197 3908 =
297 3883 372 3917 acerra
386 3866 469 3915 sedeat
488 3863 628 3925 redemtis,
645 3862 797 3910 histrionice
829 3863 869 3920 εἷς
893 3861 1083 3929 Ἀριστείδην,
1106 3865 1140 3926 ὡς
1161 3869 1251 3936 ἐκεινῳ
1271 3871 1326 3931 μά.

299 3953 423 4002 uddictas.
433 3951 482 3998 lam
490 3949 637 4014 q'uipiusssor
643 3947 723 4009 venit,
732 3945 797 3995 bunc
829 3947 908 3998 λιστα
928 3954 977 4014 τῆς
994 3949 1092 4017 ἀρετῆς
1106 3955 1210 4020 ταύτης
1225 3970 1326 4024 προση·

298 4036 332 4087 ad
351 4038 423 4085 finem
443 4050 621 4100 permansurum
637 4048 675 4080 res
695 4033 746 4096 ipsa
763 4031 797 4079 lo·
829 4034 931 4099 λούσης.
950 4034 1047 4086 Plausus
1061 4039 1225 4090 reservabatur
1239 4040 1270 4090 ad
1286 4058 1326 4090 ex·

235 4117 244 4128 “
300 4123 396 4189 quitur:
410 4120 636 4186 quisoutorvenit,
653 4115 797 4165 buiusmen-
829 4128 930 4168 tremum
952 4131 1032 4171 actum
1053 4125 1149 4192 eiusque
1166 4129 1246 4176 finem.
1270 4125 1326 4177 ldeo
