3009 5000
284 441 344 505 teo
544 416 1035 507 uonsrunrrsroeu

287 641 485 738 Continget,
511 643 715 738 dabiturque
731 643 866 716 licentio
886 653 997 718 sumtu
1013 642 1191 741 pudenter.
1239 651 1295 717 51.

284 760 327 832 Et
343 786 430 834 nove
446 763 590 858 fictoque
607 788 718 858 nuper
736 762 913 837 habebunt
931 763 1033 835 verba
1050 762 1170 854 fidem,
1184 763 1213 833 ei
1233 766 1295 835 ⁷52.

282 881 411 953 Graeco
428 882 521 954 fonte
539 883 676 975 cadant,
692 907 795 980 parce
811 883 954 955 detorta.
978 883 1068 974 Quid
1082 879 1221 954 numm?
1239 891 1295 953 53.

275 1126 349 1175 solito
369 1126 494 1176 intercisae
514 1144 558 1194 pro
573 1129 680 1177 insolitu
695 1130 776 1177 iuteo-
807 1126 868 1177 dicit
886 1125 942 1177 aliis
961 1125 1052 1177 verbis:
1074 1128 1212 1176 horrentem
1227 1127 1306 1190 cepit·

273 1212 342 1274 msa,
366 1218 488 1275 tamquarm
508 1229 568 1277 qtme
589 1230 632 1279 pro
650 1221 773 1278 tamquam
805 1215 856 1262 lum
868 1221 937 1262 retro
952 1221 1096 1277 sequuntur.
1112 1212 1210 1278 Cethegi
1226 1211 1304 1261 aliun·
1399 1254 1406 1263 .

273 1298 351 1364 posui.
376 1296 499 1347 Sententia
516 1297 589 1347 huius
608 1298 698 1348 Scholii
714 1298 774 1349 bueo
796 1298 850 1371 ude,
868 1298 994 1366 cultilis,
1010 1299 1106 1348 Romam
1118 1307 1244 1347 venerunt.
1257 1295 1304 1346 sd-

273 1391 325 1432 est:
355 1381 452 1448 Cethegi
474 1400 538 1432 more
562 1383 658 1434 insolito
682 1401 771 1434 courum
789 1374 877 1434 'veuce
890 1386 946 1448 isti,
962 1395 1070 1434 utsacra
1081 1384 1215 1450 gentilitia,
1229 1384 1303 1433 itaet

272 1470 337 1518 inter
354 1470 494 1533 caesariem,
511 1486 572 1537 guae
589 1481 624 1520 est
639 1473 665 1520 in
680 1487 771 1521 summe
802 1472 916 1520 vestitum
936 1487 1007 1537 saepe
1028 1469 1161 1521 servabant.
1188 1470 1303 1519 Cinctum

273 1554 368 1619 capite,
383 1555 545 1620 intercidunt,
562 1566 634 1623 aque
650 1557 685 1605 ita
697 1559 773 1607 inter·
803 1566 945 1606 autemest
965 1554 1123 1619 vocabulum,
1150 1572 1198 1622 quo
1217 1556 1304 1605 Lexica

274 1641 346 1689 cisum
370 1657 398 1689 ae
419 1641 578 1708 discerptam,
602 1652 692 1707 retro,
707 1645 772 1691 inter
803 1653 860 1692 sunt
879 1641 995 1708 augenda.
1022 1641 1153 1691 Dubitabat
1177 1658 1205 1691 ea
1223 1641 1252 1690 de
1276 1657 1303 1690 re

274 1741 358 1776 turem
365 1724 473 1777 dextram
489 1737 515 1778 ct
530 1729 663 1791 dnistrem
672 1730 699 1778 in
713 1730 775 1778 occi·
806 1727 984 1795 Oudendorpius
1003 1728 1034 1778 ad
1049 1727 1136 1795 Appul.
1150 1729 1247 1778 hletam,
1260 1729 1302 1776 xl.

273 1813 363 1878 pitium
377 1814 495 1863 referunt.
515 1814 612 1863 Conmm
627 1816 719 1876 referre
735 1824 772 1864 est
803 1831 859 1881 pag.
875 1816 939 1876 oto,
961 1825 986 1863 et
1005 1813 1074 1864 alibi.
1100 1815 1175 1863 Fuere
1194 1815 1240 1880 qui
1258 1829 1302 1880 pro

270 1912 335 1963 poue
349 1901 467 1948 uerticem
482 1915 607 1965 revocure,
624 1901 730 1970 sinente
743 1900 775 1957 sd
805 1902 915 1949 cinctum
936 1900 1036 1949 mellent
1056 1901 1162 1950 mochus.
1183 1899 1237 1949 Sed.
1251 1901 1303 1948 oin·

275 1985 393 2035 ceruicem
407 1985 535 2049 reducere,
551 1986 641 2054 dequo
656 1989 774 2052 interpre·
804 1993 873 2035 otum
893 1995 928 2035 est
949 1987 1001 2052 ipsa
1021 1986 1107 2049 restis,
1128 1987 1228 2035 mustus
1242 1988 1303 2036 retio

274 2082 313 2121 tes
328 2071 359 2120 ad
376 2071 485 2121 Suetonii
500 2072 550 2122 tul.
565 2073 657 2122 Caesar.
672 2074 713 2120 «te.
729 2074 775 2138 qui
806 2082 831 2121 et
847 2073 924 2121 forma
939 2073 1019 2121 vestis.
1040 2072 1173 2138 Supersunt
1194 2073 1221 2121 in
1232 2071 1303 2123 Scho-

275 2154 428 2206 deficientem
443 2158 558 2224 capillum
572 2174 588 2207 n
602 2158 692 2206 vertice
708 2174 774 2206 revo-
806 2157 839 2206 lio
863 2156 1030 2225 Porphyrionis
1053 2156 1181 2208 voeabula:
1205 2160 1303 2211 sevam

252 2280 256 2292 .
275 2259 329 2292 cere
345 2241 438 2292 solebat
450 2242 481 2292 ad
496 2244 607 2293 frontem.
623 2242 723 2310 Cethegi
736 2260 774 2293 cs·
805 2251 845 2293 ost
864 2252 947 2292 autem
967 2245 1119 2293 detectionem
1132 2246 1256 2309 pusillum
1275 2254 1303 2294 et

276 2328 350 2394 pillos
386 2345 450 2377 more
486 2329 600 2378 Hectoreo
632 2328 771 2378 tondebunt.
805 2330 892 2378 deiude
913 2332 952 2378 sic
972 2331 1071 2394 ahspom
1088 2346 1145 2379 cum
1158 2347 1208 2379 uua
1222 2332 1305 2395 digito

275 2414 408 2464 Scholiasta
422 2415 594 2482 Lycophronis:
613 2412 772 2481 ‘Europen
803 2417 880 2464 imum
887 2416 1000 2476 serimus
1016 2418 1163 2465 amiculum.
1180 2415 1243 2480 Quid
1257 2417 1304 2466 ists

275 2502 364 2566 κόμη,
390 2504 408 2566 ἡ
429 2504 466 2551 τὰ
485 2500 600 2551 ὄπισθεν
622 2503 774 2561 καθειμένα
805 2502 896 2565 velint,
913 2501 1040 2551 divinando
1053 2519 1100 2552 non
1114 2519 1232 2569 assequor.
1251 2504 1304 2552 For·

273 2585 391 2652 ἷχουσα,
408 2588 444 2635 τὰ
460 2584 492 2635 δὲ
505 2585 662 2651 ἔμπροσθεν
675 2604 774 2652 senop-
807 2598 868 2637 tesse
888 2585 934 2635 hoc
954 2586 1061 2637 scholion
1077 2588 1175 2638 aliunde
1190 2589 1239 2638 hue
1253 2590 1303 2639 luit
1404 2641 1407 2650 Δ

275 2672 353 2732 μένα.
380 2671 528 2722 Cmaubonus
551 2681 670 2738 comparet
693 2672 772 2722 locum
804 2671 958 2735 nancietum,
981 2683 1006 2721 et
1026 2674 1053 2723 in
1072 2676 1224 2724 intestinum
1240 2675 1302 2725 latet

273 2758 382 2806 Suetonii
396 2759 422 2807 in
437 2756 530 2805 'liberio
541 2759 582 2806 68.
601 2759 697 2822 Uespillo
706 2773 772 2822 pons
802 2760 954 2819 antesteti05
963 2774 991 2807 eo
1002 2768 1067 2808 certe
1075 2759 1166 2810 ducunt
1173 2761 1218 2809 illa
1224 2763 1301 2810 imum

274 2844 420 2908 compostum
441 2845 624 2906 summissiore,
648 2852 678 2892 ut
693 2845 772 2892 cervi·
795 2844 908 2904 serimus
923 2843 1065 2910 (offerimus)
1082 2848 1230 2897 auriculam.

273 2944 324 2979 cetu
335 2931 413 2978 etium
424 2931 555 2995 obtegeret.
572 2928 695 2979 Iuninsde
706 2929 775 2979 Coma
838 2930 878 2978 Et
892 2946 954 2978 oceo
961 2933 1073 2995 fictoque
1088 2948 1167 2998 nuper
1185 2935 1303 2982 habebunt

272 3018 404 3081 pugnos,
421 3017 544 3064 annotavit
559 3016 661 3064 Bennios
674 3025 699 3063 et
711 3016 772 3064 Peu·
802 3017 875 3065 verbo
890 3017 978 3078 fidem.
1002 3015 1083 3067 Fidem
1106 3017 1248 3083 hshebnnt,
1272 3029 1301 3069 ut

272 3104 345 3151 octies
361 3103 478 3150 rationem
490 3102 628 3150 Hectoreum
641 3101 771 3150 a'l'roianis
802 3103 883 3165 numi,
899 3101 998 3167 publica
1013 3106 1156 3153 auctoritate
1172 3108 1265 3172 recepti
1278 3116 1303 3155 ct

272 3187 329 3237 inde
351 3186 497 3253 temporibus
517 3186 635 3236 mordiens
655 3188 768 3237 tenuisse.
801 3204 848 3236 non
873 3189 994 3253 corrupti,
1019 3187 1110 3239 hahent
1133 3189 1214 3241 fidem.
1241 3193 1302 3242 Hinc

272 3270 451 3348 Plutarchusiu
466 3272 555 3322 Theseo
570 3290 623 3339 cap.
635 3275 660 3322 ὅ.
678 3290 708 3321 ex
723 3273 770 3321 Ho-
801 3273 902 3337 Quintil.
916 3275 975 3323 lust.
985 3275 1141 3341 Crat.ll,11,
1151 3280 1207 3328 118.
1224 3280 1303 3344 Figu-

272 3374 336 3407 mero
357 3358 461 3407 ostendit
481 3358 584 3408 hhantus
603 3362 639 3409 ita
660 3358 767 3422 tonderi,
800 3369 858 3420 roe,
872 3375 920 3407 nou
936 3361 998 3408 illue
1008 3364 1122 3425 poeticae
1135 3371 1162 3412 et
1173 3366 1303 3426 coutrofi-

271 3442 367 3493 tonderi
378 3453 403 3491 et
415 3444 475 3493 alias
483 3454 574 3509 gentes.
587 3444 691 3493 Theseus
699 3446 772 3494 etiam
803 3445 856 3494 dem
877 3446 1002 3509 loquendi,
1023 3450 1176 3497 auctoritate
1190 3457 1301 3499 vetamus

272 3531 396 3597 inciperes
404 3536 454 3596 τῆς
469 3529 585 3596 κεφαλῆς
597 3534 634 3580 τὰ
647 3532 771 3598 πρόσθεν
802 3538 921 3595 receptes.
937 3531 1039 3597 ldeml,
1053 3547 1085 3597 11,
1098 3537 1140 3584 20.
1153 3537 1303 3585 Nostrorum

275 3618 365 3677 odem
382 3615 510 3665 iaciebant
530 3618 642 3665 nimirum
663 3615 774 3666 bellicosi
805 3617 918 3681 quidem,
939 3635 987 3667 non
1003 3635 1061 3668 sume
1077 3628 1172 3685 recepto
1185 3624 1215 3669 io
1230 3638 1303 3671 mmm

273 3702 395 3765 homines,
412 3704 455 3767 qui
471 3719 517 3750 non
534 3703 625 3750 eminus
641 3701 683 3751 sed
700 3703 772 3751 comi·
803 3704 914 3766 mentius,
937 3704 1126 3771 apologetionem
1145 3707 1238 3757 disere.
1259 3708 1303 3756 lo·

274 3806 320 3838 nus
338 3786 484 3855 pugnabant.
508 3788 545 3836 lta
561 3790 624 3836 enirn
640 3787 719 3837 hostes
735 3805 774 3858 cn·
806 3787 917 3838 mhulnm
934 3793 1072 3855 apologetie
1084 3795 1160 3859 igitur
1171 3791 1243 3843 fidem
1255 3812 1303 3846 uon

273 3874 346 3941 pillos
363 3875 468 3939 arripere
481 3891 528 3922 non
541 3884 658 3939 poterent.
675 3873 771 3936 Suevis,
804 3875 904 3925 invenit.

274 3970 386 4010 nerrante
398 3960 477 4008 Tacito
491 3959 519 4009 de
530 3959 633 4009 Moribus
645 3960 722 4009 Cerm.
731 3961 772 4008 38.
837 3962 915 4009 Parce
927 3961 1032 4013 detorta.
1050 3964 1079 4011 Ut
1091 3980 1163 4031 suprs
1169 3967 1302 4031 pudenter.

274 4048 377 4111 insigne
384 4048 486 4111 gentis,
501 4048 624 4110 obliquare
633 4048 774 4094 crimmuo·
806 4046 835 4095 Et
852 4057 916 4094 recte
929 4046 1085 4097 scholiastae:
1102 4052 1223 4115 modeste,
1237 4068 1302 4102 oere-

275 4133 350 4195 doque
365 4132 551 4196 mistmngme5
572 4142 597 4180 et
609 4130 694 4180 deinde
710 4131 774 4181 idem
806 4132 890 4181 eunde.
907 4132 1229 4201 Quintilian.t111,.u,ao,
1242 4139 1300 4189 hune
