3009 5000
300 457 339 518 34
377 537 380 541 ‚
562 459 775 545 aouttll
805 460 1051 521 artstotm

235 709 238 715 -
322 657 451 729 Doctus
476 661 540 731 iter
568 660 697 730 melius,
731 659 886 731 Mortalia
910 662 995 732 facta
1020 663 1198 757 peribunt3

291 890 337 933 out
365 886 446 946 eitius
469 885 549 932 aedem
575 900 735 948 properamus
759 885 793 937 ud
824 884 865 933 sed
886 903 978 951 semper
994 890 1088 953 integra
1106 886 1320 951 conservabuntur,

290 985 372 1017 unam.
393 971 513 1017 Dedemor
527 972 596 1018 etiam
610 970 703 1017 Servius
717 968 790 1018 habet
823 973 868 1018 nisi
886 981 935 1019 tota
954 974 1018 1036 regio
1032 973 1167 1021 vehementi
1183 984 1258 1020 terrae
1273 991 1322 1021 mo·

290 1054 320 1105 ad
336 1059 393 1105 Aen.
409 1057 505 1117 ΙΧ,96.
526 1066 550 1104 et
563 1059 663 1120 scriptus
678 1057 789 1104 Prisciani
822 1066 849 1103 tu
872 1067 1004 1105 evertatur:
1028 1075 1088 1123 quae
1111 1069 1189 1106 tamen
1212 1060 1321 1123 exceptio

289 1132 374 1190 codex'
394 1142 573 1207 Cantabrigiae‚
609 1141 715 1189 Statiano
740 1158 789 1188 me·
822 1153 846 1190 et
863 1145 914 1207 ipsa
929 1145 954 1192 in
970 1144 1013 1192 tali
1027 1146 1143 1192 sententia
1159 1155 1206 1192 tam
1220 1143 1320 1193 ridirula

287 1227 341 1278 lior.
363 1227 519 1275 BFNTLEWS.
664 1258 666 1263 ·
821 1238 870 1289 est,
893 1239 920 1277 ut
943 1228 974 1277 ad
992 1247 1042 1277 eam
1060 1246 1106 1277 non
1123 1230 1209 1278 melius
1226 1247 1320 1294 respon·

318 1315 462 1377 Quamquam
476 1310 605 1360 Simonides
619 1310 680 1361 dixit
693 1314 785 1360 arara·
818 1311 870 1360 deri
887 1316 960 1377 possit
977 1330 1047 1379 quam
1065 1312 1206 1378 proverbio,
1230 1317 1256 1362 oi
1270 1331 1320 1362 coe·

284 1400 324 1464 τῷ
342 1400 442 1454 πάντες
461 1396 643 1460 ὀφιιλόμεθα,
664 1397 726 1445 unde
744 1414 787 1445 mos
820 1399 868 1445 lum
886 1406 952 1446 ruat.
978 1399 1088 1464 Occupati
1107 1416 1187 1449 sumus
1206 1399 1276 1448 hodie
1293 1402 1319 1448 in

285 1485 363 1531 morti
383 1484 493 1531 &bernar
510 1500 644 1548 expressum
664 1483 788 1545 videatur,
821 1483 928 1531 siccando
943 1485 996 1533 lacu
1008 1485 1160 1533 Harlemensi.
1178 1486 1235 1549 Quia
1249 1503 1261 1544 e
1277 1503 1319 1533 no·

285 1586 335 1616 eam
353 1579 431 1618 tamn
453 1571 584 1617 sententiae
606 1569 787 1617 similitudinem
820 1568 933 1617 stratibus
951 1581 1037 1634 poeta,
1056 1588 1125 1618 sanae
1142 1569 1237 1635 quidem
1254 1588 1318 1618 men-

283 1657 357 1719 ipsam
375 1673 420 1703 non
438 1656 545 1703 sufficere
560 1653 673 1717 arbitror,
692 1665 720 1702 ut
734 1655 786 1702 vul·
820 1658 862 1716 to,
880 1654 924 1702 hor
938 1665 1021 1704 utatur
1037 1665 1188 1721 argumento:
1207 1656 1318 1703 dedum

282 1751 337 1805 gata
355 1741 425 1789 lectio
443 1751 566 1806 propterea
590 1758 631 1805 pro
650 1758 720 1789 manu
736 1741 781 1788 flo-
799 1742 891 1800 ¹morti
915 1758 959 1789 noo
974 1749 1111 1805 nostroque.
1134 1743 1213 1789 Laeuo
1228 1743 1317 1789 Ilurle·

281 1829 337 1874 tatii
362 1828 500 1890 accipiatur.
541 1825 715 1890 Dispiciendum
742 1843 782 1890 po-
815 1828 920 1888 memadc,
937 1827 981 1874 div
995 1829 1141 1892 navigatus,
1163 1843 1242 1892 grove
1262 1843 1317 1875 aera-

284 1914 346 1973 tius‚
366 1929 394 1959 an
415 1929 467 1959 cum
486 1913 593 1959 universa
611 1913 731 1975 praecepti
747 1913 784 1958 iu·
818 1914 868 1958 tire
883 1921 1010 1971 aratrum
1028 1913 1071 1961 aad
1083 1915 1240 1974 rureusstet,
1254 1913 1318 1975 quod

281 1996 334 2044 dole
352 1998 483 2045 conveniat.
506 1997 534 2044 Ut
548 1996 620 2057 folia,
637 1997 729 2060 inquit,
744 1998 779 2043 ita
804 1995 879 2058 suit,
902 2000 979 2045 brocco
1003 1998 1126 2046 Praeterea
1143 1999 1253 2046 Horatius
1268 2015 1315 2046 nou

280 2081 352 2129 verba
370 2083 491 2129 intereunt
505 2091 530 2129 et
544 2091 679 2129 nascuntur.
698 2081 743 2127 Nos
758 2091 782 2129 et
816 2092 866 2129 erat
879 2081 937 2130 adeo
951 2081 1095 2143 inurbanus,
1113 2093 1141 2131 ut
1154 2086 1200 2131 ista
1212 2081 1315 2131 scribere

280 2170 358 2215 omnia
382 2177 460 2214 nostra
488 2166 614 2231 aliquando
636 2168 781 2228 moriemur,
815 2167 921 2216 auderet.
952 2172 1072 2234 Augustus
1100 2180 1219 2218 exstructo
1244 2179 1315 2233 portu

278 2255 327 2301 sive
344 2270 407 2301 mare
425 2252 557 2318 fiat,qnod
572 2254 619 2301 fuit
636 2262 714 2315 terra,
732 2255 780 2301 sive
815 2254 894 2316 iulio,
923 2257 1017 2304 siccatis
1042 2255 1168 2321 paludibus
1191 2256 1313 2318 Pomtinis,

278 2339 470 2404 palus'mutetur
486 2341 510 2386 in
528 2355 623 2397 arvum,
641 2341 688 2387 sive
706 2341 781 2387 amnis
814 2342 876 2404 agria
892 2339 921 2388 ab
935 2341 1089 2390 inundatione
1102 2342 1212 2390 Tiberina
1228 2341 1314 2390 libera·

278 2442 363 2473 novum
375 2442 467 2471 rursum
487 2426 573 2487 capiat,
593 2423 710 2488 Quidquid
723 2441 782 2470 mor·
816 2427 860 2485 tis,
878 2428 965 2487 optime
983 2425 1011 2473 de
1029 2444 1053 2473 re
1071 2426 1167 2491 publica
1182 2438 1231 2474 erat
1244 2429 1303 2475 meri

277 2510 326 2557 tale
342 2520 390 2571 est,
402 2509 497 2574 peribit.
508 2507 597 2555 Nedum
607 2525 681 2554 sermo
697 2509 727 2554 sit
736 2510 780 2555 irn-
813 2519 866 2569 tus,
882 2509 1009 2574 laudesque
1022 2513 1124 2558 omnium
1136 2510 1248 2560 bonorum
1259 2530 1313 2560 con·

278 2595 392 2643 mortalis.
411 2594 453 2642 Hic
466 2610 512 2640 nou
527 2609 649 2657 assequor,
665 2608 706 2639 rur
721 2591 781 2640 'llud
814 2604 917 2641 secutus.
949 2594 1009 2658 Quid
1030 2594 1138 2659 prodest,
1161 2596 1219 2645 dicit
1241 2598 1312 2647 Hora·

268 2698 321 2729 :noa
341 2688 366 2728 et
387 2688 471 2727 nostra
492 2679 625 2725 moriemur
646 2679 778 2726 confirmari
812 2681 876 2740 tius,
899 2681 973 2727 omnia
990 2682 1034 2728 iate
1057 2680 1143 2730 labor?
1167 2682 1225 2731 Vani
1243 2684 1311 2732 suere

278 2768 350 2832 possit
368 2766 482 2831 exemptis
501 2773 582 2812 torrae
596 2765 624 2811 in
637 2780 718 2825 cuore,
734 2780 780 2827 pu·
812 2774 911 2813 sumtus.
942 2765 1021 2814 Omnia
1047 2766 1166 2830 peribunt.
1197 2769 1311 2834 Corrupto

277 2854 345 2901 ludio
366 2855 395 2900 in
416 2868 501 2899 armon
518 2865 644 2899 conversae
661 2860 684 2897 et
695 2851 777 2912 firmi
810 2859 867 2914 puto
884 2851 940 2899 iiia:
956 2852 1068 2900 debemur
1080 2856 1166 2902 cuncti.
1183 2855 1267 2918 Video,
1285 2867 1310 2904 et

278 2947 382 2987 retorem
404 2941 470 2986 oium
492 2937 636 2985 deserentia.
662 2934 726 2983 Nihil
744 2934 779 2983 ibi
812 2938 888 3001 quivis
901 2954 992 2985 mecum
1004 2938 1080 2999 videt,
1094 2940 1152 3004 quid
1163 2942 1308 3005 postuletur,

243 3039 247 3047 ·
275 3027 396 3085 moritur,
415 3023 455 3072 aed
464 3025 537 3083 socio
551 3031 642 3070 tantum
660 3030 774 3069 mutatur.
810 3039 906 3087 nempe:
934 3023 1006 3071 silvae
1028 3035 1163 3088 mutantur,
1190 3027 1248 3076 solia
1271 3045 1309 3076 ca·

276 3110 346 3171 Nam,
364 3109 420 3157 licet
434 3109 520 3174 opprido
535 3105 652 3156 interdum
667 3107 724 3154 mori
739 3105 774 3153 di·
809 3107 868 3155 dunt
892 3118 916 3155 et
942 3120 1086 3172 nascuntur,
1113 3111 1236 3160 verborum
1261 3112 1308 3161 alia

265 3204 373 3255 voantur,
391 3205 418 3242 ut
435 3194 509 3242 ttuut.
529 3194 583 3240 itin.
600 3193 624 3254 Ι,
642 3193 697 3239 413.
722 3192 775 3239 Noa
807 3194 942 3254 intereunt,
957 3193 1003 3243 alia
1018 3212 1097 3244 rursus
1112 3200 1195 3245 virent.
1208 3197 1255 3261 lpai
1266 3196 1307 3244 ho·

274 3281 439 3344 indignamur
451 3280 565 3326 tractatio
579 3293 678 3342 corporo
691 3274 775 3324 solvi?
807 3279 882 3325 mines
896 3289 920 3325 et
934 3278 1054 3328 hominum
1068 3299 1137 3347 opera
1151 3299 1198 3329 non
1211 3293 1306 3331 manent

276 3366 405 3414 Cernimus
418 3366 536 3428 exemplis
549 3364 713 3428 oppridoporse
726 3379 775 3410 mo-
808 3362 896 3413 eadem.
915 3365 992 3413 Facies
1008 3378 1105 3416 naturae
1123 3378 1146 3416 et
1163 3368 1266 3415 iocorum
1280 3371 1305 3418 iu

274 3454 315 3500 ri:
328 3452 429 3512 nemini,
447 3449 567 3511 credo‚in
581 3459 683 3497 mentem
698 3451 777 3496 veniet
809 3466 880 3497 novas
901 3451 990 3515 speciei
1012 3455 1162 3502 transfertur.
1195 3454 1305 3503 Horatius

267 3545 302 3586 ‘tit
317 3536 392 3585 dicat:
409 3546 490 3601 portus
505 3535 548 3582 itte
565 3535 640 3582 iulius
648 3533 774 3599 aliquando
807 3551 849 3598 pro
874 3536 1004 3583 Dtotttvtt
1025 3537 1111 3585 ttottst
1133 3538 1234 3587 scribere
1263 3556 1306 3604 po·

272 3626 406 3683 morietur,
415 3639 485 3687 ager,
495 3621 582 3669 fertilis
591 3620 772 3668 ttuvinsmorie-
805 3621 866 3668 tuit:
884 3623 1019 3669 ottratmt
1035 3623 1158 3671 totunm.
1173 3626 1304 3674 Mutantur

274 3718 324 3759 tor.
348 3709 442 3775 Neque,
459 3708 549 3754 ataine
564 3706 613 3753 ulia
631 3708 770 3770 exceptione
801 3707 905 3759 somnam
915 3707 1162 3770 noanostroqae:hoe
1175 3711 1264 3774 optime
1278 3721 1303 3760 et

270 3811 353 3844 verum
363 3791 771 3854 ertzhmm'oeoolipaondomorten·
803 3790 834 3839 ad
850 3792 1015 3841 antecedentia
1038 3804 1063 3842 et
1080 3792 1110 3841 ad
1127 3798 1250 3860 sequentia
1266 3814 1302 3845 re·

272 3888 330 3929 tor:
347 3883 381 3929 ita
397 3896 479 3928 verum
496 3888 532 3926 eat
554 3893 625 3941 opero
640 3877 689 3924 illa
702 3877 772 3939 peri·
805 3877 889 3926 sertor,
913 3879 951 3926 Eat
972 3893 1047 3942 genos
1063 3878 1179 3944 quoddam
1196 3880 1301 3947 disputa·

271 3966 348 4028 daut,
375 3967 421 4014 nio
447 3966 536 4030 rogites
560 3963 671 4011 ultimum
696 3963 770 4009 totius
803 3962 888 4022 tionis,
911 3979 957 4010 nou
976 3962 1089 4012 dissimile
1108 3964 1300 4031 philosophorum

271 4050 354 4100 mundi
371 4050 446 4099 diem:
469 4048 531 4115 quod
548 4051 664 4114 ineptum.
686 4047 709 4095 Si
727 4046 769 4093 ho-
801 4046 971 4112 disputationi,
994 4050 1036 4114 qni
1053 4050 1079 4098 σὶ
1097 4049 1202 4112 ῥέοντες
1218 4052 1300 4116 appel·

270 4138 346 4186 mineo
355 4134 450 4198 voluat,
460 4152 530 4201 opera
538 4134 582 4183 illa
590 4150 636 4183 nou
645 4131 770 4198 peribunt,
803 4131 891 4182 lautur.
905 4133 1041 4200 Disputarit
1052 4135 1083 4184 ad
1097 4135 1197 4183 eundem
1205 4135 1299 4185 modum
