3009 5000
500 467 560 529 All
589 469 809 531 Pisonis.
1105 474 1162 533 211

153 671 220 759 Qui
240 692 369 771 purgor
388 668 491 740 bilem
512 667 577 739 sub
600 671 692 740 verrii
711 672 873 765 temporis
894 670 1028 742 boram!
1082 682 1162 743 302.

153 788 228 858 Non
249 788 337 858 alius
362 787 486 858 iaceret
508 784 646 857 meliora
669 790 835 882 po'e'mata.
861 788 986 860 Verum
1079 798 1162 859 30&

145 988 187 1038 ille
202 999 274 1056 poeta
285 1003 406 1055 nunquam
422 1005 447 1037 se
461 989 577 1037 commisit
594 1004 642 1036 me·
674 998 737 1036 recte
763 988 837 1038 curet.
862 991 957 1041 Licinus
980 991 1030 1039 suit
1052 989 1174 1043 excellent

145 1073 211 1137 dico,
220 1084 248 1122 ut
256 1084 397 1140 purgaretur
404 1073 490 1136 bilem,
500 1090 544 1137 ego
553 1089 641 1138 purgor
673 1082 767 1137 tonsor,
784 1084 808 1122 et
824 1077 866 1141 qui
882 1070 1059 1124 simul'morbos
1071 1075 1173 1125 nonnul·

146 1161 279 1226 quotannis.
304 1160 349 1208 llle
365 1168 444 1207 manet
460 1161 576 1220 insanus,
600 1174 643 1224 ego
674 1158 710 1207 los
722 1157 816 1208 mederi
824 1163 904 1211 sciret.
921 1160 996 1209 lulius
1009 1161 1091 1209 Caesar
1104 1176 1173 1223 eum,

143 1261 227 1307 sanus,
248 1255 272 1292 et
287 1253 411 1310 propterea
425 1260 473 1291 non
489 1244 551 1291 facio
568 1241 641 1292 bonos
672 1244 740 1292 nulla
765 1244 812 1293 alia
839 1262 864 1293 re
892 1244 1096 1307 commendatum,
1126 1245 1173 1296 nisi

143 1346 231 1379 versus.
256 1330 364 1378 Horatius
379 1330 486 1378 licinum
503 1337 572 1377 vocat
589 1335 642 1376 ton·
673 1328 737 1394 quod
754 1329 889 1396 Pompeium
905 1330 989 1380 acerbe
1006 1330 1108 1393 odisset,
1125 1347 1174 1385 non

144 1430 236 1478 seretis,
261 1431 330 1481 quem
352 1413 392 1462 hie
413 1430 495 1462 vocare
519 1412 639 1462 debuisset
671 1414 768 1462 fecisset
791 1425 930 1464 senatorem.
958 1417 985 1463 Et
1006 1414 1103 1464 Licinus
1125 1417 1173 1464 iam

143 1502 269 1549 medicum.
298 1501 408 1549 Tonsores
433 1509 457 1547 et
480 1498 567 1548 medici
592 1515 639 1547 non
667 1500 723 1547 ‘erat
737 1498 899 1567 dires,quum
908 1501 982 1550 liebat
991 1510 1094 1551 senator.
1110 1502 1173 1565 Quas

144 1597 210 1634 erant
233 1585 272 1635 illi
292 1584 388 1651 quidem
407 1583 494 1646 iidem,
515 1594 543 1633 ut
559 1601 637 1650 neque
670 1584 804 1633 divitiasex
821 1586 870 1634 sola
884 1586 997 1634 tondendi
1011 1588 1112 1636 arteris
1126 1586 1173 1641 sibi

145 1674 285 1720 tonstrinae
298 1682 323 1719 et
336 1667 642 1733 medicinae,babebatur·
675 1686 809 1735 comparare
825 1672 949 1736 potuisset.
972 1672 1082 1720 Novimus
1098 1671 1175 1721 bomi-

143 1773 189 1823 que
214 1755 357 1804 medicorum
378 1771 415 1803 ars
436 1755 518 1820 paullo
543 1753 642 1803 bonora-
675 1772 729 1802 nem
752 1772 782 1804 ex
800 1755 972 1823 Porphyrione:
987 1758 1120 1822 ¹»Lycinna
1139 1756 1176 1807 di·

143 1843 197 1890 rior.
214 1840 260 1889 Sed
273 1839 386 1890 credibile
401 1849 437 1888 est
451 1850 556 1888 tonsores
573 1856 642 1905 saepe
676 1837 775 1888 cebatnr
788 1850 867 1890 tonsor
880 1841 1086 1907 opulentissimus,
1102 1857 1173 1907 quem

144 1929 214 1975 etiam
238 1935 318 1992 partes
339 1927 414 1990 egisse
438 1924 581 1974 medicorum
602 1924 642 1973 vel
675 1934 757 1990 postea
783 1924 865 1975 dicum
890 1927 981 1975 sectum
1005 1936 1136 1976 senatorem
1160 1944 1176 1977 a

57 2016 62 2025 ‘
143 2011 314 2078 ebirurgorum.
331 2012 432 2076 Utraque
448 2028 485 2059 ars
499 2010 638 2076 cognatione
671 2010 781 2074 Caesare,
796 2012 853 2077 quia
864 2009 987 2061 dicebatur
1001 2013 1100 2061 nimiam
1110 2008 1173 2063 odis·

143 2098 245 2165 qusdam
266 2098 394 2146 coniuncta
418 2114 468 2144 esse
492 2095 641 2148 censebatur.
675 2113 700 2144 se
716 2096 880 2162 Pompeium.’'
904 2097 1088 2147 Commentators
1111 2098 1175 2147 »li-

142 2183 227 2233 liadem
244 2185 323 2249 opinio
339 2180 381 2232 diu
398 2191 450 2247 post
465 2183 491 2229 in
509 2182 640 2230 recentiore
674 2182 742 2229 cinus
765 2198 850 2230 nomen
874 2184 973 2231 tonsoris
997 2183 1099 2245 mucci,
1132 2184 1177 2249 qui

142 2271 233 2335 Europa
255 2270 358 2333 viguit,¹
379 2280 456 2332 nessae
481 2265 552 2313 bodie
578 2263 642 2330 apud
674 2275 756 2330 postea
776 2264 865 2314 dicitur
886 2268 964 2315 iaetus
980 2277 1075 2315 senator
1089 2284 1106 2316 a
1119 2267 1174 2317 Gae-

142 2372 185 2404 nos
200 2357 235 2403 ita
251 2355 375 2419 antiquata
391 2360 443 2414 est,
462 2359 489 2399 ut
506 2367 552 2398 non
568 2351 642 2398 inter·
674 2366 743 2411 sare,
768 2349 831 2414 qnod
855 2349 942 2399 odisset
965 2352 1118 2417 Pompeium,
1144 2350 1174 2403 ds

141 2439 205 2500 dum.
220 2447 328 2488 immores
348 2436 502 2505 appellentur
518 2436 640 2501 chirurgi.
674 2451 721 2501 quo
743 2433 788 2481 hoc
809 2436 922 2501 temptum
946 2440 981 2484 es't
1003 2435 1172 2503 Epitaphium:

140 2528 252 2575 Tonsones
267 2527 353 2574 Romae
367 2521 459 2572 morbos
471 2520 584 2587 quosdam
602 2537 642 2573 er·
673 2521 800 2571 marmoreo
822 2521 914 2570 tumulo
935 2522 1030 2572 Licinus
1046 2524 1123 2586 iacet,
1148 2534 1174 2572 at
1272 2525 1274 2534 ⁴

142 2624 220 2662 ternos
228 2629 332 2673 curasse,
348 2618 459 2675 apparet,
470 2606 591 2669 nisallor,
609 2622 640 2654 ex
671 2605 726 2654 Cato
736 2605 819 2668 nullo,
831 2606 954 2672 Pompeius
967 2624 1052 2673 parvm
1068 2610 1121 2673 quis
1129 2625 1173 2674 pu·

141 2697 265 2764 proverbio
288 2694 352 2760 apud
375 2693 498 2742 Horatium
523 2690 597 2739 Serm.
617 2689 641 2751 1,
674 2699 711 2738 tet
724 2706 774 2738 esse
786 2691 884 2740 mosm’
900 2692 933 2739 De
947 2691 1175 2756 hocEpigrammate

141 2795 189 2843 vn,
202 2784 227 2830 3.
247 2781 363 2828 Omnibus
378 2786 404 2827 et
420 2778 499 2841 lippis
514 2781 599 2823 notum
614 2781 640 2821 et
670 2772 724 2822 ride
741 2773 867 2824 Burmann.
884 2777 910 2823 iu
925 2774 1021 2848 lnthol.
1036 2776 1061 2826 'l'.
1077 2777 1102 2838 l,
1116 2795 1174 2845 pag.

141 2867 288 2916 tremoribus.
305 2865 448 2929 Quanquam
464 2858 527 2908 iilud
543 2874 637 2924 prover·
669 2859 725 2906 205.
748 2859 892 2924 Quamquam
913 2858 979 2909 dicta
1000 2859 1098 2909 difficile
1120 2865 1165 2926 sit,

141 2951 207 3001 bium
223 2950 294 3016 vulgo
310 2948 381 2998 aliter
398 2946 545 3011 explicetur,
568 2942 637 2991 credo
669 2942 780 3008 quirillo
797 2944 872 2992 suerit
884 2945 992 3007 licinus,
1010 2943 1115 2996 diversae
1128 2964 1171 2998 ats-

139 3036 225 3104 aegide
242 3036 347 3096 officina,
363 3035 389 3080 in
405 3049 452 3098 qua
465 3040 544 3078 tonsor
558 3027 639 3077 oculos
672 3038 719 3076 tem
741 3037 798 3077 sunt
819 3031 940 3094 opiniones
961 3029 1120 3094 interpretum
1139 3032 1170 3082 ad

139 3123 293 3190 lippientium
315 3116 454 3184 inungebat.
479 3116 504 3164 Si
528 3114 640 3162 Horatius
655 3113 821 3194 'Iuvenalem
835 3115 952 3177 Persium,
966 3115 1171 3180 Suetonium,bic

139 3226 184 3275 per
205 3210 285 3272 lippos
303 3204 424 3253 tabernam
443 3201 586 3251 medicorum
603 3216 641 3247 co·
672 3199 768 3248 licinus
790 3216 837 3248 non
858 3198 953 3249 videtur
978 3201 1051 3249 fuisse
1067 3199 1170 3254 libertus

139 3297 249 3360 gitasset,
266 3291 395 3356 scripsisset
408 3289 499 3354 potius:
522 3285 640 3335 Omnibus
671 3285 785 3349 Augusti,
802 3300 863 3336 unus
874 3302 904 3336 ex
920 3285 964 3348 iis,
974 3275 1052 3351 quos,
1070 3295 1098 3336 ut
1113 3305 1169 3340 m.

139 3388 166 3428 et
180 3380 284 3427 medicis
295 3382 413 3425 natumst
426 3374 571 3421 trimeribus.
589 3370 635 3417 Ho-
667 3378 704 3418 rat
711 3369 836 3418 Suetonius
843 3371 869 3418 in
877 3370 975 3435 August.
985 3372 1026 3430 et,
1042 3373 1072 3420 in
1079 3373 1167 3428 bonore

138 3466 214 3514 ratius
230 3463 299 3512 dicit:
317 3468 390 3525 caput
400 3458 552 3507 commiserit
568 3456 637 3504 Lici·
668 3463 695 3503 et
709 3471 757 3502 uste
772 3456 879 3503 marimo
896 3456 989 3505 bolam.
1009 3455 1034 3505 Si
1050 3455 1090 3505 hic
1105 3457 1168 3508 niet·

47 3571 50 3577 ·
138 3566 177 3602 no.
194 3549 374 3598 ommistione
385 3544 459 3594 alicui
468 3541 632 3607 aliquid,rem
664 3557 710 3589 nns
724 3550 804 3588 tonsor
817 3542 917 3606 Augusti
934 3542 1036 3604 suisset,
1053 3542 1167 3594 nocuus

138 3635 332 3701 plerumquenon
344 3631 433 3692 leram,
448 3627 539 3676 homini
547 3628 633 3693 perito.
667 3625 697 3674 de
714 3643 742 3674 eo
757 3643 805 3675 non
817 3642 870 3675 enm
884 3636 1005 3678 contemtu
1018 3626 1164 3692 loqueretur.

138 3718 258 3768 Phaedrus
270 3716 325 3766 Feb.
340 3717 414 3779 },1s.
433 3715 484 3773 sts‘.
499 3715 584 3777 capara
600 3727 639 3761 aa·
670 3712 751 3777 ideque
771 3710 815 3762 ille
833 3713 907 3762 cnivis
929 3714 1012 3766 insano
1027 3710 1170 3768 medicinam

139 3813 251 3854 struma
263 3802 387 3851 emeratis
399 3800 509 3861 eredere,
529 3798 578 3846 eei
590 3798 638 3846 eal·
670 3797 780 3859 iecisset,
793 3797 845 3860 vel,
859 3806 888 3846 ut
900 3796 940 3845 bic
953 3796 1036 3846 volunt
1048 3797 1166 3863 interpre-

138 3890 242 3940 eeandoe
256 3901 325 3936 neoto
340 3886 464 3934 contmieit
474 3884 557 3949 pedes.
579 3882 639 3930 Nam
671 3891 723 3943 tes,
742 3891 813 3946 caput
830 3879 977 3930 totondisset.
1037 3915 1040 3922 .

141 3985 192 4026 eret
201 3974 244 4023 ille
256 3973 336 4021 malm
345 3978 423 4019 sutor.
440 3971 475 4017 De
488 3971 546 4018 bono
559 3977 638 4016 satore
702 3967 752 4015 Sub
769 3966 840 4016 vsrss'
857 3968 973 4030 temporis
986 3967 1077 4016 boram.
1094 3966 1168 4020 iloete

140 4061 238 4111 nonita
254 4057 359 4107 dixisset.
378 4056 436 4106 Nam
451 4057 477 4105 in
494 4072 520 4103 eo
536 4071 583 4104 non
600 4062 636 4102 est
667 4053 693 4101 in
708 4051 805 4101 lntbol.
818 4051 976 4118 t.1.,p.1so.
993 4053 1081 4104 Mutat
1097 4059 1169 4110 tem

140 4146 285 4214 periculum,
297 4159 327 4191 ne
340 4158 390 4191 rem
404 4142 546 4190 commissam
559 4140 637 4190 minus
669 4139 746 4199 vices,
756 4138 870 4186 commui
878 4139 1078 4204 temporiamerus
1087 4138 1166 4192 Laeta
