3009 5000
275 489 296 549 a
419 532 426 547 r
534 484 750 550 uonsru
779 480 1026 565 srrsrone

301 689 456 783 Credite,
479 688 635 778 Pisones,
661 687 716 758 isti
740 687 878 760 tabulae
902 688 974 760 fore
997 685 1126 757 librum

273 907 447 958 Hrouldrusium
477 905 509 956 ad
532 905 655 956 Tibullum
681 906 712 975 1,
739 906 765 955 ὅ.
799 907 842 953 tro
864 904 972 968 undique
987 906 1091 953 colluto:
1113 910 1143 950 ut
1157 899 1222 951 0vid.
1238 902 1288 951 tle·

273 993 432 1044 Butuntis,
800 1002 857 1041 tem.
882 992 924 1055 ll,
954 994 1011 1040 408.
1045 991 1159 1053 tenuique
1187 990 1287 1037 inducit

305 1077 598 1144 EquidemhaneBentleii
606 1081 763 1128 coniecturam
796 1079 895 1125 bruelio
911 1093 1002 1141 poema.
1024 1077 1134 1125 Horatius
1157 1078 1286 1125 nominarit

271 1163 369 1213 laudare
382 1182 429 1213 non
442 1182 543 1230 possum.
561 1167 688 1214 Discrimen
700 1167 764 1212 inter
792 1172 882 1228 eaput,
899 1165 1028 1226 cervicem,
1049 1173 1074 1210 e't
1090 1172 1218 1210 extremam
1234 1179 1287 1228 par·

266 1251 766 1316 plummetpermosipsiveteresnonsem-
797 1260 860 1312 tem,
880 1252 905 1298 in
921 1265 995 1314 quain>
1007 1259 1135 1297 monstrum
1151 1249 1213 1298 illud
1229 1249 1288 1297 deli·

270 1353 315 1401 per
327 1335 497 1398 observarunt,
514 1335 556 1384 sed
577 1335 678 1384 alterum
695 1351 764 1399 saepe
796 1337 847 1397 nit,
859 1337 970 1398 piscem,
987 1334 1031 1383 hoe
1045 1344 1080 1383 est
1093 1334 1190 1383 caudam
1207 1337 1286 1400 piscis.

270 1438 313 1487 pro
321 1421 396 1469 altero
404 1431 547 1486 posuerunt,
564 1419 608 1470 ubi
615 1421 644 1469 de
652 1429 762 1481 securata
794 1421 858 1484 Quae
879 1422 942 1468 iuter
963 1431 1035 1486 caput
1059 1422 1173 1469 cervicem
1190 1429 1214 1467 et
1232 1437 1287 1469 cau-

269 1509 348 1555 avium
370 1507 526 1573 descriptione
550 1499 597 1555 non
612 1509 700 1572 agitur.
728 1507 765 1555 ltu
781 1505 850 1567 ,dam
866 1506 943 1555 media
956 1518 1023 1570 sunt,
1041 1506 1161 1569 humeros,
1175 1505 1286 1569 brechia,

269 1591 365 1641 Ovidius
380 1593 405 1640 in
418 1591 600 1657 Metamorphosi
615 1609 701 1658 cycnea
717 1609 764 1639 non
796 1602 893 1657 pestus,
907 1593 1000 1656 alvum,
1014 1611 1096 1658 crura,
1111 1612 1138 1644 ee
1150 1612 1198 1642 non
1213 1596 1287 1642 nomi-

271 1676 417 1741 distinguere
428 1694 474 1724 uon
483 1678 569 1741 potuit.
589 1676 626 1724 Sic
638 1675 767 1723 Columella
798 1679 877 1740 navit,
885 1677 934 1726 -sed
950 1681 1067 1727 communi
1075 1680 1233 1726 meteororum
1245 1696 1287 1728 uo-

270 1762 524 1824 deterrumum
540 1764 763 1810 Gallimoose'ntru·
795 1764 858 1811 mine
877 1764 1012 1828 complexus
1032 1775 1075 1815 est.
1104 1767 1166 1815 Haeo
1182 1766 1295 1817 membra·

270 1851 649 1912 dicundoevoedfosoaeplomoe,
666 1851 763 1913 nigris·
796 1860 863 1897 erant
879 1852 985 1914 undique
1000 1853 1104 1915 collato,
1125 1854 1197 1901 sicuti
1211 1860 1286 1917 eaput

269 1940 425 2003 quopemnis.
442 1935 487 1985 Sed
503 1954 556 1985 eum
572 1935 690 1984 Phaedrus
705 1935 760 1985 lab.
795 1947 897 1984 sumtum
930 1947 980 1985 erat
1005 1955 1034 1985 ex
1051 1955 1147 2004 corpore
1171 1941 1285 1989 formosae

268 2023 430 2087 t‚1t,dicit:
444 2023 764 2084 Oquituorumeoroepen·
795 2022 915 2083 mulieris,
935 2023 1015 2070 cervix
1034 2040 1062 2070 ex
1085 2041 1158 2089 eqrm,
1181 2036 1286 2074 extrema

268 2124 357 2157 aarum
368 2115 407 2156 ost
422 2108 490 2154 nitor
497 2127 508 2166 ‚·
520 2105 598 2153 dicere
609 2106 679 2153 etiam
693 2115 762 2170 potu·
795 2123 849 2171 pers
865 2124 893 2154 ex
907 2108 979 2171 pisce.
994 2108 1069 2171 Quare
1082 2128 1126 2159 neo
1140 2121 1224 2177 eaput,
1241 2126 1285 2159 nee

268 2196 326 2244 isset
336 2196 494 2259 plumarum,
516 2194 573 2258 quia
588 2194 671 2254 nitor,
685 2194 706 2240 si
720 2198 761 2239 ve*
793 2194 889 2255 cervix,
906 2209 949 2241 nee
966 2191 1038 2257 pedes
1057 2200 1155 2246 monstri
1169 2197 1285 2245 memhris

269 2298 323 2331 rum
339 2282 444 2347 quaeris,
460 2296 507 2327 non
524 2288 559 2327 est
573 2281 600 2329 in
611 2278 760 2343 pennis'sed
792 2280 845 2327 istis
876 2278 981 2344 undique
1007 2281 1100 2330 collatis
1123 2284 1283 2332 eontinentur.

268 2370 294 2420 in
301 2370 403 2434 plumis.
418 2368 530 2431 Quoniam
540 2382 595 2413 vero
609 2366 760 2430 mitormagis
792 2365 915 2413 Praetereo
939 2373 1026 2429 capet,
1050 2369 1072 2416 si
1095 2385 1148 2417 cum
1170 2370 1285 2418 moneris

269 2458 296 2507 in
320 2456 423 2522 plumis,
446 2470 489 2518 per
512 2467 601 2517 pennas
622 2451 760 2515 explicatis,
795 2452 946 2497 coniunctum
967 2449 1070 2514 legitur,
1095 2453 1167 2518 probe
1183 2472 1198 2503 a
1214 2472 1286 2504 mem·

269 2541 362 2603 elucet,
379 2540 499 2605 ingeniose
513 2553 650 2601 pennarum
665 2547 761 2603 praeto·
793 2535 843 2585 bris
859 2536 1031 2601 distinguitur,
1054 2546 1078 2585 et
1094 2539 1178 2589 dubito
1196 2558 1227 2589 an
1242 2542 1286 2589 Ia·

186 2665 190 2674 .
267 2631 307 2681 lit.
329 2629 395 2694 Quod
415 2628 487 2677 multi
506 2629 649 2693 interpretes
670 2629 762 2676 Horatii
794 2628 844 2688 tine
853 2626 955 2675 dicatur:
973 2635 1046 2691 eaput
1057 2635 1095 2675 est
1104 2629 1286 2677 nobilissimum

264 2719 364 2784 plumos
379 2732 422 2782 pro
435 2716 622 2779 alisaocepere,
637 2715 682 2764 hoe
697 2714 760 2764 nihil
794 2716 896 2764 humum
926 2716 1035 2779 emporis
1065 2717 1209 2778 membrum,
1242 2732 1284 2780 pro

268 2803 299 2853 ad
322 2803 442 2870 vulgatam
465 2802 591 2851 lectionem
624 2804 761 2853 mutandam
792 2805 948 2852 nobilissimo
966 2818 1036 2867 pers.
1069 2801 1107 2850 Sio
1131 2801 1195 2868 apud
1218 2801 1284 2852 oud.

269 2890 349 2939 valere
368 2888 448 2939 dehet.
471 2889 588 2937 Iodoeore
604 2892 702 2954 aliquid
721 2892 761 2938 rei
792 2891 885 2939 Metam.
903 2888 953 2951 lll,
969 2890 1023 2937 teo.
1048 2886 1152 2936 Bacchae
1177 2889 1285 2936 furentes

270 2979 390 3045 significat
418 2977 517 3041 aliquid
535 2978 622 3030 dooere
642 2980 671 3026 iu
695 2994 761 3042 rem,
795 2977 898 3027 Pentheo
919 2975 1038 3025 abstulere
1054 2977 1168 3024 deutrum
1181 2983 1206 3023 et
1220 2976 1286 3023 ἠπί-

270 3068 306 3115 ita
318 3062 418 3113 utillud
429 3063 557 3111 inductum
570 3066 698 3114 arctissime
707 3082 761 3113 cum
792 3074 885 3128 strom,
895 3066 1044 3116 ethroeltio:
1051 3062 1169 3112 Pentheus
1183 3061 1286 3111 ostendit

270 3168 297 3202 re
318 3149 451 3200 cohaereat.
473 3148 538 3197 ldem
560 3159 595 3199 est
611 3152 761 3215 perdocere,
794 3151 1157 3216 dissectiseosporamemims5
1174 3159 1225 3196 tum
1237 3164 1286 3195 ma-

271 3237 366 3304 proprie
379 3235 463 3283 ducere
475 3236 575 3299 aliquid
581 3252 628 3301 per
643 3253 702 3286 rem.
719 3238 764 3285 La-
795 3247 833 3286 ter
861 3236 965 3285 Pentheo
989 3244 1063 3301 eaput
1082 3236 1185 3283 avulsit.
1210 3235 1286 3297 Quart

272 3324 323 3374 tine
336 3321 447 3383 dicimus,
462 3330 490 3368 ut
502 3322 579 3372 Ovidii
591 3324 673 3373 eodem
687 3342 764 3374 exem·
789 3326 874 3387 facies
885 3325 1014 3386 mulieris,
1032 3322 1109 3370 cervix
1120 3330 1145 3368 et
1157 3317 1286 3368 ceudanon

272 3410 314 3476 plo
329 3419 400 3473 utar',
416 3411 532 3457 iuvencae
545 3410 660 3459 indoctae
672 3427 763 3460 onmem
794 3414 928 3461 vestiuntur
944 3411 1044 3476 plumis,
1060 3406 1101 3457 sed
1121 3406 1243 3470 membro,
1259 3406 1286 3455 in

221 3515 225 3525 ¹
272 3496 399 3557 sormidam,
416 3502 441 3542 et
456 3494 571 3542 inductae
579 3511 674 3545 corneo
687 3513 763 3557 euro,-
794 3497 872 3546 medio
888 3499 976 3562 positu,
992 3496 1135 3544 vestiuntur.
1156 3492 1202 3540 Sed
1213 3493 1286 3541 vesti·

272 3598 361 3633 mmm
383 3582 495 3629 cornibus
509 3582 654 3645 inductum,
672 3590 764 3631 eteor·
794 3591 872 3631 autur.
888 3580 977 3630 Tabula
992 3582 1039 3628 iam
1055 3594 1118 3626 nune
1133 3576 1190 3624 adeo
1206 3575 1286 3641 prodi·

273 3685 323 3719 meo
338 3683 399 3716 auro
413 3667 533 3716 inducto:
552 3668 615 3734 quod
638 3686 685 3717 non
700 3671 764 3735 cogi-
795 3671 859 3735 glosa
873 3676 908 3716 est
921 3676 946 3714 et
958 3664 1045 3726 stulta,
1059 3672 1087 3711 ut
1099 3660 1190 3727 aliquid
1204 3662 1285 3727 paullo

275 3754 342 3803 tabat
357 3754 467 3801 Heinsius
489 3751 520 3801 ad
537 3752 614 3802 Ovidii
633 3754 694 3804 Fast.
712 3754 762 3816 111,
795 3756 870 3820 magis
893 3750 1051 3818 prodigiosum
1076 3758 1101 3796 et
1123 3748 1225 3797 stultum
1248 3750 1286 3798 ot*-

274 3842 331 3891 960.
348 3841 478 3901 limumque
501 3839 616 3886 inducere
630 3845 761 3888 mosmtrot.
795 3837 892 3885 sendere
914 3852 961 3883 non
984 3836 1065 3900 possit.
1089 3834 1163 3900 Caput
1184 3843 1209 3883 et
1233 3843 1285 3883 tota

275 3925 533 3991 Hisporetmom'ts's,
549 3923 763 3970 etdinitorodoto.
797 3922 883 3984 facies,
903 3920 999 3983 plumis
1022 3919 1139 3983 oodsoeto,
1162 3936 1209 3968 non
1234 3935 1283 3967 esse

273 4014 383 4064 Heinsius
402 4010 507 4061 malebat
530 4013 640 4075 limoque.
670 4010 762 4057 Utrum·
794 4016 873 4073 potest
896 4006 1004 4054 formosa.
1033 4005 1150 4055 cervicem
1174 4008 1283 4072 equinam

273 4123 320 4176 que
340 4104 465 4154 reetesHt
481 4101 593 4153 Horatius
603 4095 706 4147 seribere
722 4112 764 4161 po·
795 4104 873 4142 temen
889 4103 914 4141 et
933 4092 1031 4144 caudam
1049 4103 1166 4160 spectator
1186 4108 1215 4141 ex
1231 4093 1283 4156 ipsa

273 4194 370 4244 mmet:
382 4187 584 4239 mutrisseim
586 4183 682 4248 plumis
689 4196 762 4228 mem-
792 4180 870 4244 figura
880 4191 1022 4244 vcognoscet,
1039 4182 1145 4230 etiamsi
1159 4189 1210 4228 tota
1228 4194 1283 4228 cau-
