3009 5000
345 505 402 571 116
594 487 801 555 totam
829 482 1072 547 trlstout

364 703 624 799 legitimumque
644 710 763 763 mnam
784 684 894 779 dignus
916 682 1078 777 callemus
1101 693 1136 758 et
1157 709 1249 758 aure.

366 824 522 915 lgnotum
541 810 682 905 traginas
703 828 806 899 genus
828 803 991 874 invenisse
1014 804 1178 877 Camenae

362 935 507 1019 natu,
528 936 564 1003 at
585 923 740 1025 planatus
761 922 886 991 vexisse
910 930 1062 1016 poemata
1086 922 1247 1020 Thespis,

357 1052 451 1147 Quae
472 1052 624 1123 caueant
646 1046 848 1133 agerentque
871 1041 1026 1134 peruncti
1042 1040 1197 1114 ¹faecibus
1222 1065 1292 1113 ora.

322 1277 464 1337 m
482 1260 526 1313 ath
542 1254 621 1307 Μ
640 1247 735 1308 stulte,
756 1245 810 1292 lan-
841 1241 949 1308 vulgasse
961 1242 1038 1292 literis
1049 1242 1165 1310 Thespia,
1179 1242 1339 1311 quaequeilli

323 1356 424 1409 W
843 1328 953 1377 tribuunt
982 1328 1135 1392 Plutarchus,
1165 1329 1263 1392 Pollux,
1286 1328 1337 1377 Cle-

353 1436 469 1489 m,
482 1418 809 1491 «ptmtra'saera'ssapoe-
832 1431 907 1462 mens
927 1413 1111 1477 Alexandrinus,
1136 1424 1161 1463 et
1181 1415 1263 1464 Noster
1278 1413 1337 1463 adeo
1381 1462 1384 1467 ,

318 1514 507 1579 mm,
523 1509 718 1567 Qnaeaaraerant.
735 1503 810 1550 Locus
842 1500 892 1565 ipse
909 1501 981 1564 Epist.
998 1500 1033 1562 11,
1049 1502 1149 1563 ιι,163.
1165 1499 1337 1567 ubipopulum

317 1603 359 1657 up
370 1592 579 1658 stmmpliut
593 1588 660 1637 mille
674 1588 810 1652 turpissimo
841 1594 921 1640 narrat
935 1585 1064 1633 Romanum
1077 1596 1129 1650 post
1142 1586 1229 1634 Punica
1241 1585 1336 1633 demum

318 1684 401 1739 Μ
416 1680 564 1747 inquinatus,
577 1675 598 1722 si
611 1690 663 1722 mea
676 1680 808 1738 operatau-
839 1667 905 1719 balla
926 1671 1029 1735 coepisse
1045 1686 1176 1737 quaerere,
1211 1671 1279 1728 Quia
1292 1673 1337 1720 So·

315 1770 370 1823 ,tw
381 1762 524 1819 mutetur
544 1759 750 1832 pristinumque
734 1766 759 1806 et
772 1773 809 1805 sa·
834 1756 934 1819 phaetas
941 1762 967 1803 et
979 1757 1086 1820 Thes-prs
1092 1763 1119 1805 et
1125 1757 1259 1821 Aeschylum
1270 1757 1337 1805 atila

315 1848 485 1907 mndomm
500 1845 615 1913 recipiat,
630 1841 717 1908 ecquid
733 1843 807 1890 erita
830 1840 946 1901 ferrent,
976 1843 1054 1889 omnia
1072 1842 1129 1890 ista
1152 1844 1232 1908 spuria
1256 1851 1281 1891 et
1303 1840 1336 1890 ab

314 1938 400 1991 lew
415 1930 508 1998 pretii?
531 1928 732 1993 Contemplemur,
749 1941 807 1991 qua-
838 1924 961 1973 Heraclide
990 1926 1086 1975 Pontice
1117 1929 1237 1992 supposita
1268 1943 1337 1990 esse,

312 2016 418 2073 mimia
432 2015 606 2064 circumfertur.
623 2013 810 2076 rgaosunrra-
841 2009 924 2058 multis
938 2013 1084 2075 argumentis
1101 2012 1216 2061 ostendi
1208 2030 1235 2061 ru
1247 2014 1336 2062 Disser-

307 2108 380 2175 gena
392 2115 472 2168 genus
487 2100 614 2148 inveniere
630 2098 747 2145 aereas
760 2097 809 2144 Di·
841 2094 1108 2145 tationeadPhalaridis
1120 2097 1245 2162 Epistulas,
1263 2115 1335 2171 quam

309 2186 393 2249 aiter,
409 2193 435 2234 st
445 2185 574 2249 plaustros
585 2197 682 2230 amase
692 2188 807 2245 poemata
839 2182 882 2246 qui
898 2190 976 2245 potest
996 2190 1040 2229 aut
1059 2193 1127 2231 vacat
1147 2184 1237 2248 poterit
1252 2199 1336 2233 eonsu-

311 2271 423 2336 rmps'a,
442 2269 509 2328 Quae
527 2274 643 2316 canerem
658 2273 806 2333 agerentque
839 2264 897 2315 lere.
913 2264 976 2330 Quid
992 2268 1068 2332 ergo?
1085 2283 1119 2316 an
1138 2268 1250 2333 plaustris
1262 2268 1334 2318 vehe-

307 2355 543 2426 permetisnsatbns
554 2368 604 2402 oro.
621 2350 806 2401 ltaomnesnbi-
838 2349 926 2399 bantur
933 2360 1065 2416 poeraata,
1079 2364 1140 2418 quaa
1158 2352 1206 2402 sub·
1217 2353 1263 2403 illa
1279 2354 1335 2404 'l'ra-

307 2458 352 2513 qua
384 2440 468 2505 scripti
486 2438 591 2504 aditique
616 2436 743 2487 exhibent:
766 2438 802 2485 ita
834 2435 931 2502 goediaa
953 2438 1057 2486 infantia
1082 2439 1122 2487 vix
1153 2437 1216 2487 domi
1237 2438 1333 2506 quidem

306 2529 365 2579 citat
380 2523 502 2572 Diomedes
517 2523 686 2571 Grammaticus
701 2538 726 2587 p.
742 2523 800 2570 485.
833 2520 1015 2572 scribebantur?
1026 2523 1080 2585 vel,
1093 2533 1122 2572 ut
1132 2527 1332 2590 scriptafueriut,

305 2613 340 2664 ita
353 2610 457 2660 Donatus
477 2606 650 2673 Prolegomenis
667 2604 698 2654 ad
717 2605 803 2653 'l'eren-
835 2604 899 2654 domi
928 2615 992 2654 certe
1015 2606 1227 2675 relinquebantur,
1254 2621 1280 2660 et
1302 2611 1333 2660 de

305 2698 383 2757 uum,
399 2691 443 2741 ubi
462 2702 510 2741 tras
525 2701 630 2740 veturus
645 2701 701 2740 aute
714 2706 802 2739 aunum
838 2690 949 2756 plaustris
972 2694 1107 2742 memoriter
1126 2694 1287 2747 canebantur?
1304 2698 1333 2745 Et

300 2780 346 2844 'HD
362 2777 478 2827 editiones
499 2777 623 2827 consulens
643 2775 706 2826 nihil
730 2793 744 2825 a
765 2794 803 2825 re-
833 2778 930 2825 seusisse
957 2777 1053 2844 quidam
1076 2779 1246 2832 absurditatem
1270 2782 1332 2833 hanc

305 2874 374 2930 cepta
384 2861 614 2912 laetiouediversnm
626 2864 713 2929 reperi.
730 2862 804 2925 Quale
835 2861 948 2911 ridentur
970 2863 1075 2914 melioris
1095 2877 1164 2938 notae
1180 2870 1333 2934 interpretes.

303 2960 384 3000 tamen
412 2947 508 2997 obsecro
539 2946 602 2997 illud
628 2956 680 3009 est,
705 2949 804 2996 aesna
836 2948 965 3011 Paanaata,
983 2950 1074 3015 inquit,
1087 2952 1211 3016 Laisinus,
1222 2970 1332 3018 maaca-

298 3035 427 3099 planatris
453 3030 591 3099 poemata?
622 3030 667 3080 hoe
696 3042 745 3093 est,
775 3041 805 3080 ut
836 3035 1035 3098 aanorns'noeit,
1051 3053 1179 3102 carneuna,
1192 3047 1224 3088 at
1240 3042 1331 3104 aiant,

303 3128 398 3168 enarrat
408 3118 501 3182 heron,
517 3121 577 3168 Tam
594 3118 675 3165 multa
687 3119 804 3181 amireis-
831 3127 1012 3183 promanante.
1030 3122 1119 3187 Dignus
1128 3125 1213 3190 utique
1224 3142 1267 3175 sua
1278 3127 1331 3175 lau·

301 3220 342 3266 se,
365 3219 427 3268 prae
437 3212 523 3269 posset
533 3198 802 3269 planstris'adaebere.
835 3202 865 3251 de
887 3213 937 3266 est,
959 3207 1002 3270 qni
1023 3222 1070 3256 nou
1093 3218 1141 3257 tam
1165 3208 1248 3261 obesae
1267 3212 1330 3260 nmis

301 3290 387 3338 iditum
424 3287 470 3338 hoc
502 3290 625 3355 prolecto:
658 3296 800 3354 poteratque
833 3297 897 3350 erat,
929 3298 959 3336 ut
987 3302 1097 3357 receptae
1125 3295 1331 3359 interpretationis

301 3372 411 3440 thespis,
428 3383 457 3422 ut
470 3373 648 3439 posteacassius
654 3372 796 3435 tietmarus,
830 3374 934 3422 foetores
949 3373 1070 3427 toleraret.
1102 3377 1137 3425 Tu
1151 3395 1207 3427 vero
1227 3381 1261 3428 sie
1275 3397 1330 3431 nra-

302 3460 379 3525 capsa
403 3456 516 3524 librisque
532 3459 634 3524 propriis
651 3457 758 3507 comburi
772 3474 800 3507 ae
833 3469 989 3526 cuna·repone
1005 3462 1103 3512 meliora
1115 3463 1185 3530 louge
1200 3481 1228 3514 ac
1244 3470 1330 3517 certio-

303 3545 424 3607 funerari,
438 3559 485 3609 quo
498 3542 567 3592 heres
579 3543 646 3609 ligna
657 3542 799 3592 lucraretur.
831 3559 870 3591 ra:
898 3546 1003 3595 Dicitur
1034 3554 1060 3596 et
1077 3538 1205 3612 planstris
1232 3554 1330 3603 venisse

301 3630 385 3678 Verum
402 3638 466 3691 asto,
482 3638 510 3677 ut
526 3638 563 3678 tat
579 3638 687 3694 poemata
700 3630 800 3693 scripse-
825 3638 941 3693 poemata
957 3634 1062 3697 Ttaesps's
1078 3634 1129 3691 Qui
1143 3644 1259 3685 canerent
1270 3655 1329 3705 age-

300 3716 346 3765 rit:
363 3712 423 3780 quid
439 3729 515 3779 opus,
531 3723 560 3762 ut
581 3729 609 3762 aa
625 3712 738 3779 plaustris
755 3715 800 3761 eir-
831 3722 934 3779 rentqne
949 3719 1068 3781 peruncti
1075 3717 1192 3777 faeditas
1208 3738 1258 3771 ora.
1282 3724 1328 3775 tihi

301 3796 518 3849 eumvebereuturi'
531 3814 562 3847 aa
578 3815 607 3847 ex
623 3796 686 3845 libro
699 3806 750 3845 tum
763 3814 800 3846 re·
831 3799 887 3849 ordo
901 3811 949 3850 est:
971 3803 1070 3850 Venisse
1078 3805 1207 3867 plaustris
1216 3807 1327 3875 (eoslqae'

299 3884 407 3935 ciubmt
422 3895 513 3934 actores
529 3880 685 3932 fabularum?
702 3881 799 3932 Ridicu·
830 3894 945 3934 eanerent
965 3896 1112 3953 agerentque
1126 3902 1255 3958 pearata,
1267 3911 1326 3959 per.

298 3968 362 4019 luna:
387 3988 418 4019 ne
437 3980 518 4036 postea
533 3967 629 4035 quidem
644 3967 689 4016 hoe
705 3969 797 4016 factum
828 3973 900 4020 aneti
912 3973 1091 4035 cassaremus,-
1107 3975 1238 4028 Histriones
1249 3981 1325 4045 igitur

299 4063 347 4114 est,
360 4115 367 4130 ,
381 4070 434 4103 cum
464 4064 548 4121 poetae
576 4070 629 4102 suas
656 4051 796 4118 tragoedus
827 4056 853 4103 in
869 4055 981 4122 plaustris
996 4057 1111 4124 vehebat,
1127 4078 1187 4126 nan,
1202 4074 1231 4113 nt
1248 4064 1325 4114 stulte

298 4138 387 4203 scripto
402 4138 536 4204 vulgarent.
553 4139 585 4188 ic
596 4137 793 4205 nihilquicquam
824 4140 896 4207 vulgo
913 4141 1042 4208 creditum,
1063 4157 1180 4212 Ροιιιιιιι.
1212 4148 1321 4199 Ceterum
