3009 5000
262 445 302 506 ro
467 522 470 531 ‚
526 448 739 510 nonrru
773 446 1022 508 nrssrorn

290 628 608 722 Publica'materiee
630 648 751 746 privati
772 650 855 720 iurie
878 651 959 740 erit,
984 650 1011 719 oi

260 869 384 918 orrum
403 867 526 934 Rhenum,
548 873 667 937 significat
685 869 759 920 dedu·
791 873 896 938 incepit:
910 874 1001 938 incepit
1013 889 1028 921 a
1039 870 1131 938 Μῆνιν
1146 869 1224 922 ἄειδε
1233 872 1291 921 eea

259 971 312 1004 cere
328 954 354 1002 in
369 956 446 1004 varias
462 967 556 1022 partes,
573 954 678 1006 dividere
694 974 717 1006 v.
736 973 758 1007 e.
791 955 960 1022 Πηληϊάδεω
976 957 1122 1024 Ἀχιλῆος,
1143 957 1188 1006 lroo
1205 966 1241 1006 est
1260 958 1291 1004 oh

259 1042 285 1089 iu
306 1041 406 1113 Mosam,
429 1042 553 1106 Vahalim,
572 1044 673 1105 leolam,
694 1043 759 1093 Hun-
790 1045 860 1093 irato
874 1045 986 1108 Achille,
1008 1043 1038 1092 ab
1056 1046 1126 1092 initio
1143 1042 1231 1092 Iliados
1251 1041 1292 1090 de·

259 1141 326 1189 sum,
352 1125 444 1191 iham,
465 1128 568 1177 Flevum.
591 1129 641 1176 lam
665 1145 759 1178 carmen
791 1128 875 1194 duxit,
898 1140 923 1178 et
944 1132 1091 1179 continuavit
1109 1129 1229 1194 quidquid
1243 1129 1292 1176 Ho-

258 1211 371 1276 lliaoum,
381 1213 449 1276 Ilias,
462 1223 497 1262 eet
506 1213 603 1262 flumen.
618 1213 704 1279 Ingens
714 1213 760 1265 illa
791 1231 857 1263 maro
873 1217 995 1278 restabat,
1017 1225 1045 1263 ut
1066 1214 1129 1263 idem
1144 1214 1240 1262 Ovidius
1256 1212 1292 1263 di·

258 1297 407 1364 Tragieorum
431 1297 559 1347 multitudo
581 1298 623 1348 diu
644 1309 699 1348 ante
721 1301 759 1349 Pi·
791 1303 838 1364 cit,
860 1303 942 1368 itaque
958 1301 1081 1366 perducit
1099 1299 1130 1349 ad
1146 1310 1240 1365 tempus
1254 1315 1291 1346 re-

206 1426 208 1432 .
258 1400 326 1433 sones
345 1382 444 1431 Iliadem
464 1382 598 1432 diduxitin
619 1388 714 1433 eentum
736 1395 761 1434 et
793 1387 902 1449 centius,
929 1402 999 1452 quam
1023 1403 1071 1452 quo
1093 1385 1199 1433 Achilles
1221 1387 1292 1433 vixit.

257 1467 339 1533 plnres
350 1467 502 1533 Tragoedias;
517 1470 583 1532 Piso,
597 1472 672 1518 maior
686 1480 759 1534 natu,
791 1470 947 1520 Scribendnm
964 1481 1035 1538 puto:
1060 1473 1163 1520 Carmen
1179 1472 1209 1518 ab
1224 1472 1293 1517 irato

257 1549 386 1601 deduceret
407 1554 434 1602 in
454 1570 525 1602 unam
544 1554 704 1620 Tragoediam.
734 1556 760 1605 Si
791 1557 850 1604 dum
866 1565 894 1605 tu
909 1558 1010 1606 deducis
1023 1558 1138 1620 Achilla,
1159 1557 1292 1619 Primoque

257 1637 395 1704 ldetaphora
415 1641 491 1704 petita
513 1649 548 1688 est
564 1657 578 1689 a
594 1643 665 1705 lone,
688 1644 758 1691 unice
790 1644 888 1690 iuratio
902 1644 990 1691 induis
1005 1659 1075 1690 ema
1090 1643 1164 1690 viris.

259 1723 389 1773 tenendum
410 1726 517 1775 deducio.
542 1726 675 1793 Numquam
696 1729 759 1776 enim
826 1730 910 1792 Tuque
938 1730 1042 1777 Rectius
1065 1729 1171 1776 Iliacum
1195 1741 1293 1775 eomer

259 1808 350 1859 dicitur
370 1812 428 1859 lano
448 1811 563 1876 diducto,
585 1815 642 1879 quia
662 1811 691 1861 de
708 1813 760 1861 colo
792 1813 893 1862 dedma
902 1816 932 1861 in
944 1822 1027 1876 wirae,
1040 1815 1118 1873 Quom
1130 1815 1156 1860 ai
1166 1812 1294 1876 proferres

257 1897 390 1945 deducitur
404 1898 429 1944 in
446 1912 520 1946 unum
536 1898 691 1963 eumdemque
707 1898 759 1947 lilo-
790 1900 880 1963 ignota
894 1899 1040 1964 indictoque
1050 1902 1158 1964 primus.
1180 1897 1241 1962 Quid
1256 1898 1293 1945 se-

258 1998 312 2031 rum
332 1999 433 2032 cursum.
458 1983 536 2048 Atque
557 1985 603 2032 ista
624 1982 761 2049 Metaphora
792 1994 850 2032 runt
870 1986 916 2034 ista
931 1984 1022 2035 verba?
1040 1985 1137 2034 Omnino
1152 1985 1241 2032 rectius
1257 1984 1293 2030 fa-

259 2066 328 2116 valde
353 2069 528 2141 ipequentatur.
563 2067 621 2117 Vide
651 2068 762 2134 exempla
794 2070 855 2133 cies,
872 2071 1052 2135 aitragoediam
1067 2071 1177 2118 sumseris
1193 2084 1223 2116 ex
1239 2083 1293 2133 per·

260 2152 324 2219 apud
331 2154 411 2205 Burm.
425 2153 455 2202 ad
464 2153 542 2203 Ovidii
552 2155 760 2219 Amor.l‚11v,7.
793 2171 850 2203 aona
864 2155 950 2218 lliaoa,
973 2172 1043 2221 quam
1059 2158 1080 2205 si
1094 2171 1178 2204 novam
1192 2163 1217 2202 et
1231 2151 1293 2202 indi-

259 2248 285 2288 et
301 2239 403 2288 alterum
423 2241 503 2288 Burm.
522 2240 553 2289 ad
568 2239 665 2290 Antlrol.
681 2241 707 2290 T.
722 2241 759 2304 11,
792 2250 855 2290 etam
871 2243 921 2307 ipse
938 2243 1082 2290 formaveris.
1099 2242 1148 2290 Hoc
1163 2256 1240 2305 neque
1253 2254 1293 2287 ve·

258 2342 314 2392 pag.
323 2327 379 2375 035.
395 2325 440 2374 llle
451 2326 482 2374 ad
493 2325 601 2375 Ovidium
610 2325 685 2375 edidit
692 2326 758 2375 Glos-
789 2343 843 2375 rum
859 2337 908 2389 est,
919 2344 997 2393 neque
1010 2328 1121 2375 Horatius
1133 2326 1226 2375 hortari
1240 2332 1294 2390 pot·

259 2428 309 2461 ram
333 2429 363 2460 ex
386 2411 433 2461 MS.
458 2412 582 2461 leidensi:
611 2413 762 2460 »Deductar
795 2421 853 2460 erat.
878 2412 975 2459 Omnino
991 2414 1081 2460 rectius
1097 2421 1122 2459 et
1137 2410 1294 2458 honorificen-

259 2509 362 2546 tractum
384 2508 420 2546 est
440 2515 455 2547 a
476 2496 530 2561 filo,
553 2496 618 2563 qnod
637 2494 761 2546 subtiliter
792 2498 842 2545 tius
857 2506 922 2560 erat,
938 2514 1022 2545 novam
1037 2498 1153 2559 formare,
1170 2512 1241 2561 quam
1253 2511 1294 2543 ve·

260 2583 392 2633 deducatur
407 2601 422 2633 a
438 2583 518 2646 caelo,
536 2593 560 2631 et
576 2584 611 2632 ita
627 2583 760 2631 earminaa
792 2592 868 2630 terem
883 2584 959 2647 requi.
981 2583 1054 2630 ldaior
1070 2582 1123 2630 laus
1142 2584 1168 2631 in
1185 2583 1293 2629 invento-

260 2678 340 2718 mente
362 2671 538 2735 compositoris:
564 2666 627 2717 undo
650 2667 711 2717 alibi
734 2670 761 2718 in
792 2685 835 2732 re,
860 2683 930 2733 quam
951 2669 1079 2717 imitatore.
1102 2668 1151 2716 Nee
1169 2669 1293 2733 quisquam

237 2755 349 2804 ·Ponto:
379 2756 470 2819 AeoaPa
494 2755 609 2818 Pompeii
631 2754 760 2802 deductum
791 2752 880 2801 dixerit
902 2752 931 2802 de
949 2770 976 2802 re
991 2753 1095 2801 nondum
1112 2762 1218 2816 tentata,
1240 2768 1293 2801 eam·

260 2856 358 2889 carmen
370 2841 400 2889 od
412 2843 474 2889 illu:
488 2849 513 2888 et
525 2839 760 2889 alibiinllonorato:
794 2839 847 2887 fore
864 2838 903 2886 rel
920 2841 1024 2904 priorem
1037 2840 1076 2887 vel
1091 2838 1221 2888 meliorem.
1246 2838 1293 2904 lp-

259 2928 357 2976 Soanta·
376 2927 480 2975 deducta
493 2933 608 2990 poemata
617 2926 694 2987 filo.”
715 2924 760 2974 Ubi
791 2923 887 2990 parebit
900 2923 994 2974 demum
1010 2927 1036 2974 in
1049 2942 1075 2973 re
1089 2924 1205 2974 absoluta.
1224 2924 1293 2972 Ratio

259 3011 522 3079 prooeelolegendurn
536 3012 761 3075 esteolo‚prolio-
793 3012 896 3077 oppositi
921 3010 966 3058 hoe
994 3010 1115 3076 postulat:
1146 3011 1230 3058 Tutius
1257 3017 1294 3056 eat

259 3097 756 3163 rorate-Horatio,proSubtili·tenui.
790 3097 881 3144 imitari
901 3097 1025 3161 antiquum
1051 3096 1200 3162 exemplum,
1222 3110 1293 3161 quam

259 3183 319 3233 Nam
335 3193 371 3232 eet
386 3200 467 3232 versus
481 3184 574 3232 Horatii
590 3183 664 3249 Epist.
681 3182 718 3244 11,
734 3194 758 3244 1,
790 3184 872 3247 ignota
880 3181 995 3246 proferre:
1004 3180 1052 3245 vel,
1062 3199 1155 3231 carmen
1165 3179 1293 3228 deductum

262 3270 320 3319 225.
339 3276 366 3317 et
382 3271 453 3318 tenui
467 3270 571 3318 deducta
580 3275 696 3333 poenaata
703 3268 760 3330 filo.
795 3283 824 3315 ex
846 3265 920 3315 Iliade
936 3283 1029 3332 semper
1046 3269 1092 3316 erit
1107 3266 1205 3328 melius,
1222 3279 1293 3329 quam

260 3356 339 3421 Atque
354 3353 385 3403 ad
405 3354 467 3403 hanc
486 3355 663 3403 annotationem
684 3369 761 3402 meam
793 3361 849 3401 ate
874 3352 925 3417 ipso
946 3351 1007 3401 male
1025 3354 1148 3401 inventum
1165 3358 1190 3399 et
1214 3346 1293 3397 elabo-

220 3443 224 3453 '
262 3442 368 3506 pertinet
376 3440 442 3489 loeus
449 3438 526 3489 Ovidii
533 3439 760 3502 Amor.ll‚1vm‚l.
793 3447 880 3485 ratum.
903 3438 979 3501 Quare
995 3437 1143 3487 scribendum
1160 3444 1232 3501 puto:
1245 3437 1293 3483 Tu·

263 3527 368 3575 Comen
383 3526 417 3573 ad
429 3526 526 3573 iratum
537 3525 596 3573 dam
609 3524 764 3589 tuperducr's
796 3523 851 3571 tius
881 3523 988 3572 Iliacum
1015 3539 1113 3582 eomer
1140 3521 1242 3570 deducis
1263 3522 1294 3567 in

199 3659 202 3668 ,
258 3611 399 3674 Achilleon,
415 3612 549 3674 Primae
563 3610 661 3659 iuratio
674 3609 763 3657 induis
794 3615 873 3657 mon.
890 3608 942 3657 vel:
960 3609 1181 3658 maderniacum
1196 3621 1294 3655 camur

260 3712 332 3746 omre
352 3697 427 3745 virio.
449 3695 544 3745 Ovidius
564 3694 762 3762 alloquiturslda-
793 3694 934 3743 daducisr'n
946 3694 1120 3756 aetus,me
1128 3692 1294 3756 eieproserrea

261 3799 327 3832 crum
348 3794 457 3849 poetam,
481 3782 525 3848 qui
544 3780 574 3829 de
593 3779 665 3829 rebus
683 3779 762 3829 Troia·
793 3781 881 3845 ignota
896 3781 1039 3843 indictaque
1049 3779 1158 3842 primae.
1177 3776 1242 3827 Illud
1255 3780 1293 3826 aio

262 3870 314 3932 nis,
333 3870 406 3917 etiam
421 3868 485 3929 illis,
505 3882 565 3933 quae
577 3864 763 3914 Poethomericae
795 3865 917 3931 eleganter
926 3865 1024 3929 ponitur
1036 3863 1065 3913 de
1078 3862 1164 3928 rebus,
1174 3880 1235 3930 quae
1245 3880 1293 3913 non

260 3963 389 4016 vocantur,
410 3954 519 4018 scripsit,
537 3961 561 4000 et
579 3950 609 4000 alr
625 3950 707 4001 Ovidio
722 3966 762 3999 vo·
794 3951 851 3998 satis
867 3949 972 3998 feliciter
992 3948 1129 3999 succedunt.
1154 3950 1248 3998 Terent.
1267 3950 1293 3997 ia

262 4048 330 4088 eatur
345 4040 447 4088 aimon
464 4037 508 4086 Hie
523 4053 592 4086 suum
608 4053 701 4086 carmen
716 4052 764 4084 non
796 4035 888 4084 Phorm.
905 4037 930 4097 l,
949 4047 980 4098 11,
1000 4037 1040 4084 96.
1064 4036 1133 4094 Quid
1148 4038 1188 4083 rei
1199 4031 1293 4100 gerit?

260 4125 292 4176 ad
304 4122 421 4174 lchsslem
429 4123 566 4188 perduxit,
579 4119 761 4172 aedmaehttle
793 4119 919 4188 respondet
933 4120 1004 4169 Geta:
1029 4122 1087 4182 Sic,
1110 4122 1227 4170 tenuiter.
1250 4116 1292 4167 obi
