3009 5000
279 462 319 522 50
540 460 753 522 ttolttttt
783 459 1026 520 utlstotn

310 662 358 732 Ut
382 660 568 732 ridentibus
595 651 760 747 ariident,
779 659 832 727 ita
854 656 1012 730 flentibus
1037 632 1162 732 addent

278 899 334 934 ross
351 884 468 949 graciam
489 884 555 932 laesi
574 898 604 932 aa
619 880 707 931 amoto
721 896 775 930 caa-
806 883 874 931 sisset
889 882 1103 947 indignationes.-
1124 898 1208 949 nempe
1226 880 1303 931 »dnl-

276 971 429 1020 oenomao.-
438 970 573 1018 Mediocris
584 975 636 1030 est,
649 982 710 1030 quaa
721 982 776 1016 eass-
808 969 858 1030 cia,
869 983 930 1033 quae
945 967 1047 1017 affectus
1056 980 1178 1033 moveant,
1192 985 1252 1035 quae
1262 985 1305 1018 au·

279 1062 334 1105 stat
349 1070 379 1103 ea
394 1056 538 1117 homiliare,
560 1069 636 1118 napae
651 1060 733 1101 tamen
748 1068 779 1101 ea
811 1052 894 1101 ditonis
908 1055 1026 1117 animum,
1043 1071 1190 1123 quocumque
1205 1056 1304 1117 volunt,

277 1142 365 1203 infima
380 1148 407 1189 et
418 1140 643 1206 pervulgatissima
655 1140 779 1186 madorem
811 1137 841 1186 ad
853 1138 1048 1202 misericordiam,
1058 1140 1257 1206 indignationem,
1266 1139 1306 1188 do·

278 1227 419 1292 dignitate:
433 1227 573 1275 Attenuata
588 1230 640 1285 est,
662 1238 722 1285 qnae
737 1224 777 1271 de·
808 1223 895 1286 lorem,
911 1224 995 1273 fletum
1008 1227 1129 1291 rapiunt.’'
1144 1228 1259 1276 desuem
1271 1228 1306 1274 ita

279 1313 357 1362 missa
379 1319 417 1359 est
436 1325 512 1374 nopae
531 1310 565 1358 ad
582 1309 778 1357 usitatissimam
810 1310 1134 1374 explicavit,utnonmelius
1141 1314 1305 1378 fieripotuisse

274 1400 338 1463 pari
353 1398 473 1446 emmonis
492 1396 698 1444 consuetudinem.
723 1394 778 1442 Gae-
808 1393 927 1443 arbitrer:
954 1398 1102 1461 samaro,
1126 1414 1186 1464 quae
1211 1397 1306 1463 placent

278 1500 317 1533 sar
332 1481 361 1530 de
377 1482 500 1530 Terentio:
524 1483 562 1529 Tra
578 1495 682 1543 quoque,
705 1486 733 1527 ta
748 1480 778 1526 s'n
809 1489 875 1528 recto
896 1480 999 1544 iudicio,
1022 1492 1086 1531 certe
1101 1483 1187 1531 vitium
1202 1500 1250 1531 non
1265 1483 1307 1531 hu-

278 1569 398 1630 ssanmo's,
430 1567 599 1615 odimidiats
625 1565 777 1626 Menander,
809 1563 988 1629 hentzdolaia,
1002 1584 1063 1634 quae
1076 1567 1305 1617 afficiuntanimnm.

279 1654 400 1717 Pooeris,
421 1660 447 1701 et
461 1654 566 1714 merito,·
579 1653 643 1717 pari
657 1652 777 1699 samonio
808 1650 844 1699 lta
860 1651 960 1712 formas
983 1652 1051 1701 nobis
1071 1663 1167 1705 nunant
1187 1653 1307 1720 ἐρωτικαὶ

278 1741 593 1803 amatorslasilusatpas
605 1739 704 1786 atinam
716 1738 779 1785 sori·
810 1735 918 1786 homines
941 1738 1000 1786 alias
1016 1730 1185 1804 politiores,
1207 1738 1307 1789 admira-

275 1828 334 1890 pts's
348 1816 543 1886 adiaodtasoret
558 1825 606 1872 ais.
624 1822 740 1887 Utipon·
756 1831 780 1870 ct
812 1822 902 1870 tionem
930 1822 1003 1872 solam
1027 1834 1160 1887 moventes,
1186 1825 1309 1873 dulciores

278 1914 344 1961 hosis
358 1913 473 1977 accipias,
495 1927 542 1959 non
558 1907 658 1970 tumidi,
680 1924 727 1955 uon
741 1908 778 1955 in·
810 1907 880 1968 alias,
894 1909 1037 1973 imperantes
1050 1927 1159 1960 umorem
1171 1911 1261 1960 Gallice
1272 1909 1307 1957 di·

278 1997 345 2058 fisti5
359 2015 406 2046 non
418 1998 519 2063 poetica.
533 1995 570 2043 Sic
584 1995 637 2041 lem
650 2002 775 2056 siparum
807 1992 906 2040 cendum
928 2002 979 2055 est,
1002 2004 1030 2042 ut
1057 1998 1129 2044 etism
1149 1995 1211 2044 belli
1233 1995 1308 2043 homi·

280 2084 404 2131 coniunxit
431 2083 482 2147 ipse
511 2079 647 2139 Terentius,
679 2076 777 2141 Prologo
809 2094 851 2124 nes
867 2077 1017 2143 intelligant:
1034 2081 1179 2128 laBeaatd
1194 2089 1233 2129 est
1243 2096 1309 2144 pour

279 2168 407 2216 Heautont.
424 2167 456 2215 Si
471 2180 531 2229 qaas
544 2165 727 2223 atortmooos,
743 2162 777 2210 ad
807 2163 932 2226 i’Esprit,
960 2165 985 2211 Ia
1005 2166 1118 2213 Booeeor
1137 2173 1176 2214 est
1196 2181 1262 2230 poter
1284 2168 1308 2213 le

279 2268 318 2301 me
329 2254 457 2312 arionitas,⁸
475 2253 506 2300 Si
513 2252 579 2299 ienis
591 2255 642 2311 est,
655 2249 689 2297 ad
699 2249 778 2296 otium
811 2249 914 2298 Coear.”
929 2249 992 2298 Haeo
1006 2250 1129 2301 desuetus.
1145 2253 1175 2300 Et
1189 2268 1244 2300 vero
1258 2268 1307 2299 car—

278 2339 390 2401 defertar
409 2353 518 2404 gregarii.
542 2338 575 2386 Ia
594 2337 637 2385 liae
652 2341 691 2383 eos
710 2350 778 2399 para
809 2351 864 2383 men
888 2352 936 2384 esse
958 2346 1037 2402 potest
1047 2340 1192 2402 mainan,
1212 2354 1257 2387 nee
1272 2348 1308 2386 ta·

278 2427 369 2474 oratio.
391 2426 464 2489 Quam
485 2423 524 2471 hio
537 2437 629 2487 parom
642 2429 777 2469 voratoru-
809 2437 863 2468 men
882 2421 966 2484 dulae,
988 2439 1038 2470 esse
1059 2433 1137 2487 potest
1154 2426 1239 2487 dulos,
1263 2439 1307 2472 nec

279 2511 384 2573 donem,
406 2509 466 2558 alibi
488 2517 583 2556 tensam
602 2523 631 2554 aa
645 2508 721 2553 kam
736 2523 778 2570 ap-
804 2507 944 2569 malrum.
965 2508 1074 2557 Horatius
1091 2511 1142 2574 ipse
1158 2510 1203 2558 hoe
1217 2512 1308 2575 signifi-

188 2611 192 2620 ’
279 2591 370 2661 pellat,
387 2594 484 2658 Prologo
500 2592 593 2640 Phorm.
608 2591 667 2648 Quo·
683 2591 725 2637 isa
740 2590 779 2637 di·
810 2591 873 2638 cavit
888 2607 922 2638 vs.
936 2593 992 2641 31⁰.
1009 2594 1138 2641 Interdum
1152 2593 1308 2658 speciosam·-

278 2681 372 2742 etitat,
394 2694 454 2742 qaas
469 2678 572 2726 antelios
591 2675 662 2737 feeit
677 2674 781 2736 fabulas
812 2676 1079 2739 cismorotaqoeraote
1093 2680 1199 2743 Fabula,
1213 2683 1309 2729 nullius

283 2766 363 2814 Tartesi
372 2780 425 2813 esse
439 2762 777 2825 oratiosssaescriptssrale·
809 2763 922 2824 waaris,
939 2764 994 2810 sisse
1005 2765 1111 2827 pondere
1126 2774 1152 2813 et
1166 2773 1235 2829 arte,
1255 2768 1309 2815 Vot-

280 2852 317 2901 ω’.
333 2852 418 2900 Verum
437 2849 490 2899 illie
511 2866 540 2899 ex
555 2864 611 2911 sua,
632 2845 672 2895 hic
691 2863 720 2895 ex
736 2844 778 2896 ad·
808 2847 867 2894 dios
880 2849 1106 2914 obieetatpopolom
1116 2854 1308 2916 aseliosqoeaso-

280 2938 379 2987 versarii
402 2952 499 3002 persona
522 2934 639 3001 loquitur;
666 2933 724 2997 qui,
750 2940 778 2979 at
809 2939 896 2996 rator,
922 2935 999 2993 Quum
1018 2951 1103 2986 vacas
1121 2940 1206 3003 inopes
1227 2951 1308 2987 rama

281 3023 373 3073 aemuli
397 3032 422 3071 et
444 3020 521 3070 invidi
543 3019 637 3080 solent,
667 3018 781 3065 virtutem
813 3034 1059 3083 nstgaeqasoanoras.
1073 3021 1162 3072 Fabula
1175 3026 1308 3074 sinevene·

280 3108 394 3157 orationis
413 3108 510 3157 finitimi
531 3115 557 3154 et
576 3103 704 3171 propinqui
724 3103 780 3152 viiii
810 3120 854 3166 re,
876 3104 978 3169 pondere
1004 3117 1029 3155 et
1053 3118 1103 3158 arte
1122 3128 1169 3159 non
1192 3128 1248 3160 saue
1272 3120 1308 3159 est

205 3213 210 3222 ·
279 3194 375 3242 nomine
395 3192 507 3242 trudueit.
529 3191 592 3241 Satis
607 3199 686 3237 umen
702 3197 780 3236 osten·
806 3191 929 3253 paleira:
949 3190 1030 3240 eadem
1050 3203 1129 3243 umen
1148 3203 1307 3256 sesmereia,

281 3277 331 3341 dit,
352 3277 410 3344 quid
420 3294 511 3342 mmm
527 3278 573 3339 sit,
592 3277 632 3325 oui
646 3274 736 3323 confine
753 3283 778 3322 et
809 3274 906 3339 ingenia
927 3275 1048 3327 hominnm
1063 3279 1094 3329 ad
1109 3291 1208 3329 naturae
1222 3281 1309 3329 verim-

281 3365 414 3429 proximum
433 3364 519 3411 vitium
537 3371 573 3410 est
588 3368 660 3409 tersus
674 3376 702 3408 ac
718 3361 777 3407 leae.
811 3368 860 3408 tem
883 3362 1003 3426 exprimit.
1021 3364 1110 3415 Natura
1124 3367 1150 3414 iu
1166 3365 1210 3414 tali
1225 3364 1309 3416 fabula

278 3449 345 3499 Hane
361 3466 431 3515 ergo,
453 3450 493 3496 aui
508 3456 604 3512 recepte
622 3462 669 3493 non
685 3445 778 3495 satisfa-
793 3471 797 3484 ι
810 3454 909 3510 regnat,
925 3463 972 3495 non
988 3465 1033 3498 ars.
1051 3451 1135 3512 Poeta,
1152 3459 1180 3498 ut
1195 3466 1258 3498 nune
1273 3450 1310 3500 di·

279 3537 328 3599 eit‚
341 3535 498 3601 ligornicnsis
507 3530 595 3580 Codicis
603 3530 730 3580 lectionem
742 3547 778 3579 se·
810 3531 896 3594 cimus,
914 3549 943 3581 ex
959 3533 1122 3584 condendam
1133 3536 1248 3601 loquitur.
1265 3538 1309 3586 En-

278 3632 381 3689 qnatur:
394 3636 450 3682 nos,
465 3616 570 3666 utnilril
582 3618 775 3683 pronuntiamus,
809 3617 864 3665 nius
888 3618 1041 3684 componebat
1063 3623 1165 3670 cumina
1186 3638 1233 3670 non
1251 3626 1309 3686 poi·

279 3710 315 3758 its
338 3724 385 3757 non
406 3703 539 3772 poenitebit
557 3704 583 3752 in
604 3701 708 3751 medium
726 3717 777 3749 eam
809 3704 881 3766 oltra,
901 3703 944 3753 sed
964 3705 1063 3764 dalcio5
1086 3714 1137 3754 erat
1158 3717 1209 3755 arte
1226 3708 1308 3772 rudis,

281 3794 422 3859 protulisse,
436 3800 461 3839 et
477 3806 520 3856 pro
532 3786 627 3837 modulo
640 3785 779 3835 illustrasse.
808 3786 854 3836 sed
869 3790 964 3854 ingenio
976 3790 1105 3852 maximus,
1120 3801 1148 3838 ut
1162 3809 1215 3840 eum
1228 3794 1310 3859 appel·

282 3876 440 3927 situum.
813 3873 849 3922 lat
867 3872 970 3922 Ovidius.
992 3873 1075 3923 Versus
1090 3876 1209 3941 Apollonii
1223 3878 1310 3928 Rhodii

313 3964 433 4030 oppositio
449 3961 654 4026 interpositorum
670 3967 695 4007 et
710 3958 779 4006 dulce
810 3969 866 4007 sunt
884 3960 999 4023 paladii,
1023 3977 1070 4009 non
1092 3962 1182 4013 dalass.
1218 3964 1309 4014 Similia

282 4065 329 4097 non
346 4060 381 4098 est
396 4049 503 4098 obscura.
520 4048 572 4115 lpse
588 4044 710 4095 Bentleius
725 4044 778 4091 dsd·
811 4046 920 4112 exempla
929 4055 985 4093 sunt
995 4047 1021 4094 in
1034 4045 1132 4097 historia
1141 4066 1237 4115 poeseos
1246 4049 1309 4114 apud

281 4136 322 4182 oia
346 4144 410 4184 recte
431 4136 615 4200 interpretatur,
637 4129 704 4180 modo
722 4131 780 4178 omi-
812 4147 892 4181 omncs
912 4132 1036 4195 nadones,
1065 4134 1091 4183 in
1114 4136 1192 4200 petria
1215 4151 1310 4201 quoque
1374 4127 1381 4148 ⁶
