3009 5000
296 467 354 529 160
556 468 768 530 HORATII
798 466 1040 527 EPISTOLA
1115 500 1117 513 1

320 670 390 741 Fiet
416 670 651 758 Aristarchus,
675 693 737 742 nee
760 668 869 759 dicet,
894 692 957 739 our
978 690 1041 760 ego
1063 669 1208 743 amioum

320 903 384 953 mhi]
400 905 484 955 inhoe
499 923 585 972 genere
600 906 782 955 crincoemen-
812 912 908 968 oratus,
929 906 1039 969 politus,
1064 906 1204 970 sopolim,
1229 917 1306 971 quse,

288 990 382 1039 datione
397 991 444 1039 isto
458 991 596 1040 Bentleiann
616 1001 651 1039 est
664 990 781 1053 nobilius,
814 992 835 1038 si
849 988 965 1052 heberent
980 993 1100 1040 notionem
1118 991 1228 1054 persoott'
1241 991 1308 1039 also-

287 1075 418 1125 neenllsm
433 1077 504 1125 facile
517 1078 636 1140 invenias,
651 1070 682 1124 vde
696 1092 742 1142 qua
756 1077 781 1124 in
814 1077 881 1138 luti,
907 1074 991 1141 gradus
1007 1078 1185 1141 comparationis
1205 1087 1252 1123 non
1267 1074 1309 1123 ed·

287 1171 411 1227 utramque
434 1172 525 1227 portem
540 1162 609 1227 plura
630 1160 660 1209 ah
682 1161 782 1210 homini·
814 1162 949 1209 mitterent:
971 1171 996 1209 at
1012 1159 1111 1209 dicimus
1129 1162 1232 1225 limatius
1243 1160 1308 1224 poli·

286 1245 331 1294 bns
351 1246 450 1296 eruditis
471 1247 590 1313 dispntsto
613 1256 677 1294 sunt.
702 1247 780 1310 Longe
815 1248 883 1308 tius,
908 1261 950 1294 ars
969 1247 1143 1310 politissima,
1161 1261 1202 1293 res
1217 1246 1309 1310 capoli-

286 1333 377 1380 interee
397 1335 471 1381 maior
491 1342 527 1380 cst
547 1347 658 1379 numerus
673 1332 782 1379 reiicien·
815 1332 943 1379 tissimus:
967 1341 1065 1397 ergoet
1088 1340 1144 1379 sunt
1169 1330 1309 1396 simpliciter

287 1414 781 1482 tiumq'nomlaudantiumll'yttenbachi·
813 1416 932 1478 limatae,
944 1414 1054 1480 politae,
1075 1417 1215 1480 expolitos,
1232 1419 1309 1465 minus

286 1518 314 1549 ns
333 1503 403 1550 etism
418 1500 550 1550 reiiciebat.
572 1503 601 1549 Et
617 1517 673 1566 ego,
689 1502 710 1548 si
726 1502 779 1565 quis
812 1516 881 1565 quam
889 1502 1022 1564 politiores
1033 1511 1057 1549 et
1065 1502 1246 1565 politissimos.
1259 1503 1308 1549 lem

285 1586 491 1650 quaerut‚reiicio.
500 1587 643 1651 Argumenta
648 1585 706 1633 haee
714 1594 778 1633 snut.
811 1584 932 1633 videamus
946 1585 1131 1634 emendationem
1140 1585 1252 1634 Bentleii.
1265 1586 1309 1634 le-

284 1671 442 1720 lersusmole
456 1673 779 1737 tomatisnntpertoraum.
813 1686 855 1735 ge,
881 1672 974 1736 inquit,
992 1671 1029 1718 Et
1049 1672 1114 1719 arole
1129 1679 1168 1719 ter
1183 1678 1255 1720 natos
1269 1672 1309 1719 iu-

284 1757 400 1823 Accepere
413 1758 512 1822 figuram
525 1755 663 1819 rotundam,
678 1754 781 1803 sednon
813 1756 871 1804 cudi
884 1756 982 1804 reddere
998 1771 1090 1806 normes.
1107 1756 1190 1805 Versus
1201 1767 1226 1805 et
1238 1773 1309 1823 opere

285 1843 391 1908 perfecte
403 1842 535 1891 rotundam.
544 1844 575 1890 Ee
583 1842 658 1890 formu
671 1851 782 1906 corrupte
814 1843 944 1907 quinrecte
961 1851 986 1889 et
1000 1844 1116 1908 exquisite
1127 1841 1236 1891 dicantur
1248 1849 1309 1890 nata

285 1945 329 1993 per
341 1938 435 1976 tornum
447 1945 494 1976 non
507 1928 578 1976 facile
592 1929 731 1992 corrigitur,
740 1925 783 1974 sed
815 1941 885 1975 manu
901 1929 1016 1990 auctoris,
1033 1945 1080 1976 non
1096 1926 1240 1978 dubitemus.
1264 1928 1310 1976 No-

284 2015 311 2062 in
326 2029 423 2061 messam
443 2012 520 2061 redire
542 2011 622 2061 debet.
646 2007 676 2059 Ut
692 2012 782 2059 sermm
813 2013 889 2059 rimus
905 2011 994 2061 dictum
1007 2012 1250 2079 Epaminondeeapnd
1263 2014 1309 2061 Ne·

284 2096 367 2145 redeat
382 2100 407 2146 in
423 2114 533 2160 messum,
550 2097 724 2162 deffiugeodam
732 2107 780 2145 est:
814 2106 893 2161 potem
910 2100 948 2146 10.
971 2099 1013 2146 Eu
1032 2114 1071 2146 mo
1090 2106 1175 2146 aotam
1198 2099 1311 2162 relinquo

284 2193 313 2231 nt
334 2182 487 2247 diffingatur,
512 2180 657 2230 reddendum
681 2181 779 2244 incudi,
807 2198 920 2247 pugnam
937 2185 1098 2233 Leuctricam.
1122 2182 1215 2232 Ovidius
1235 2184 1307 2235 Trist.

285 2267 348 2317 unde
364 2268 394 2317 ed
407 2278 501 2316 tornum
514 2267 610 2333 prodiit.
629 2268 717 2316 'l’ornus
732 2284 780 2316 non
813 2268 916 2331 III,x1v,
926 2270 966 2319 14.
981 2270 1223 2333 Palladiseaemplo,
1236 2269 1311 2317 deors

283 2365 362 2421 potest
375 2355 509 2420 diffugere.
526 2354 563 2402 Ite
577 2371 606 2402 ex
619 2352 705 2402 incude
718 2352 782 2401 redit
814 2355 869 2402 siae
891 2362 971 2402 matre
995 2363 1078 2403 ereata
1103 2355 1220 2403 Camena
1241 2362 1309 2405 eiust.

285 2440 315 2489 ed
331 2450 433 2490 tornum.
453 2443 520 2488 Bene
544 2449 569 2487 et
588 2441 651 2487 male
668 2446 782 2486 tornatus
814 2441 900 2504 Stirps
924 2441 982 2487 haee
1000 2442 1179 2505 progeniesque
1194 2455 1248 2487 osea
1262 2446 1310 2490 ost.

285 2529 378 2575 omnino
394 2536 458 2573 reete
472 2525 567 2573 dicitur.
587 2525 726 2583 Perfectum
740 2524 780 2570 ab·
812 2522 938 2571 Suetonius
948 2525 1032 2573 Neron.
1045 2527 1086 2573 52.
1109 2541 1195 2574 vermes
1207 2528 1279 2589 qcsass‘
1292 2542 1310 2575 a

261 2633 264 2640 ⁴
284 2614 392 2660 solutam
415 2612 440 2657 in
457 2609 523 2657 nullo
544 2609 644 2656 artificio
666 2609 778 2657 cernitur.
812 2609 939 2672 cogitante
950 2616 1024 2672 atque
1036 2617 1171 2673 goruroate
1187 2618 1309 2661 emeatus.

283 2694 355 2743 Aliud
367 2694 414 2743 elio
427 2696 501 2759 magis
513 2692 543 2741 ad
555 2694 726 2758 perfectionem
741 2709 780 2741 nc·
812 2691 901 2741 Statius
913 2692 970 2743 Silv.
988 2694 1019 2756 l,
1034 2707 1057 2756 1,
1071 2696 1096 2744 o.
1121 2696 1153 2743 Ut
1166 2699 1206 2745 vel
1216 2697 1309 2762 Apolli-

285 2780 362 2844 cedit,
395 2782 469 2846 ipsum
493 2781 664 2846 perfectionem
686 2777 781 2826 nullum
812 2778 954 2826 ooooaltus
966 2780 1170 2845 sigmtaeolore,
1187 2783 1310 2832 Plricliaoa

284 2865 373 2930 hebet,
394 2867 484 2916 sirene
505 2864 635 2914 indicemus
656 2874 680 2912 et
696 2880 734 2912 res
749 2862 780 2913 nd
812 2865 852 2911 ool
873 2871 934 2912 tauta
963 2881 1053 2929 manu,
1077 2867 1179 2915 reddare
1207 2868 1309 2916 munti.

284 2953 363 3001 virum
376 2967 514 3000 resecemus.
531 2950 597 3015 Quod
613 2951 722 2997 manilius
736 2965 782 2997 au·
814 2947 953 2999 Claudianus
969 2949 997 2999 de
1014 2950 1079 3000 Cous.
1093 2951 1169 3000 Mallii
1188 2954 1242 3001 116.
1267 2967 1310 3000 aa·

283 3040 362 3085 moris
370 3038 507 3102 perfeetum
516 3044 542 3084 et
554 3037 690 3084 absolutum
699 3034 782 3100 appel·
814 3043 909 3083 seeates
924 3038 995 3084 ibant
1010 3037 1043 3084 iu'
1056 3039 1152 3085 saeculo
1164 3038 1233 3087 lieri.
1250 3037 1309 3100 Sed,

284 3123 349 3170 latur
364 3122 394 3170 ab
412 3121 471 3185 hoe,
494 3121 606 3186 culpetur
621 3118 740 3169 interdum
755 3121 781 3167 in
813 3130 842 3168 nt
856 3119 925 3168 homo
941 3121 1028 3183 semol,
1051 3138 1171 3188 nunquam
1187 3124 1239 3187 lis,
1257 3132 1309 3185 tor,

285 3207 403 3273 porticula
419 3207 500 3272 aliqua
523 3206 552 3255 nh
569 3206 621 3255 illo.
654 3205 702 3253 Neo
718 3203 782 3270 quod
814 3207 932 3267 nescitur,
957 3207 991 3254 ito
1016 3216 1041 3254 et
1057 3223 1150 3257 ommes.
1173 3208 1252 3271 Idem,
1274 3211 1311 3258 in·

219 3335 221 3340 ,
283 3309 327 3358 per
343 3301 436 3340 tornum
452 3293 581 3354 formetur,
595 3301 692 3357 propter
704 3290 730 3339 id
743 3292 780 3356 ip-
812 3306 897 3355 quam
913 3305 993 3339 versus
1009 3296 1207 3344 semolnaseitnr.
1230 3295 1310 3343 Potest

284 3394 335 3427 snm
351 3378 535 3442 estperfectnm.
552 3375 779 3425 Vecillatinterdnm
813 3376 914 3440 corrigi,
939 3379 1040 3440 mutari,
1064 3387 1118 3442 ter,
1144 3378 1235 3441 decies,
1256 3396 1310 3428 cen·

283 3480 366 3513 manus
373 3463 484 3524 artificis,
498 3462 537 3509 rel
550 3463 732 3520 instrumentum
740 3460 781 3509 de·
814 3461 871 3508 ties:
889 3461 924 3508 ita
939 3472 1057 3511 correctns
1073 3462 1167 3518 videtur
1182 3463 1258 3527 elius,
1274 3474 1311 3514 te-

283 3550 343 3598 ficit.
357 3548 382 3597 si
398 3558 479 3596 toruus
495 3546 558 3595 nulli
573 3548 647 3595 errori
663 3557 724 3595 esset
740 3545 782 3595 ob·
814 3562 868 3593 men
885 3545 995 3595 estidem
1011 3548 1055 3597 ille
1068 3551 1169 3614 primum
1182 3558 1260 3597 natus.
1284 3549 1310 3598 Si

283 3637 384 3697 noxius,
400 3633 468 3682 nulla
482 3631 523 3680 hic
539 3633 713 3696 conspiceretur
727 3649 779 3694 ers,
813 3640 877 3679 totns
885 3641 1005 3696 mutetur,
1022 3650 1068 3681 non
1076 3632 1138 3682 idem
1145 3634 1252 3682 noscitur
1262 3640 1311 3681 ter-

284 3730 309 3768 et
333 3720 371 3769 vel
388 3719 465 3785 quiris
484 3718 587 3765 rusticus
607 3733 666 3781 puer
690 3718 781 3765 feceret
816 3718 893 3780 tium,
909 3716 951 3765 sed
966 3734 1040 3766 novus
1053 3719 1170 3766 nascitur:
1184 3728 1254 3767 vetus
1267 3718 1310 3769 ille

284 3822 355 3871 opera
385 3802 588 3853 excellentissima.
614 3801 692 3866 Ipsum
716 3801 781 3850 odie·
814 3812 919 3851 mortuns
943 3813 986 3852 est.
1011 3802 1149 3866 Bentleius,
1169 3803 1255 3868 credo,
1271 3822 1311 3876 vo·

285 3893 374 3939 ctivum
383 3888 521 3955 εὕτορνος,
538 3888 586 3935 sive
594 3887 627 3935 sit
636 3893 736 3934 toraatu
737 3888 781 3948 fu
813 3887 862 3936 luit
877 3903 973 3936 vorsum
996 3886 1033 3952 bis
1052 3898 1134 3954 terque
1152 3889 1309 3941 emendatum.

249 4023 252 4032 ,
284 3977 357 4038 cilis,
382 3977 430 4024 sive
453 3977 509 4023 douo
528 3981 657 4035 teneatue,
676 3980 739 4020 teres
755 3981 781 4021 et
812 3951 926 4037 Tnm,⁴ni
942 3973 1026 4036 fallor,
1043 3990 1124 4022 versus
1138 3975 1183 4023 iste
1197 3991 1244 4023 non
1258 3983 1309 4038 ter,

284 4061 416 4124 rotundus,
430 4059 555 4109 discrimen
562 4057 674 4107 ostendit.
691 4058 735 4106 Per
742 4075 779 4106 ra·
811 4058 853 4107 sed
873 4066 975 4122 quater,
996 4068 1057 4107 esset
1072 4070 1150 4108 natus.
1175 4060 1226 4110 Piso
1249 4076 1311 4110 com·

285 4144 320 4192 tio
341 4153 377 4192 est
393 4146 419 4192 in
441 4143 580 4205 εὔξεστος,
601 4153 625 4191 et
643 4144 733 4193 Latinis
749 4145 780 4192 li·
812 4145 891 4209 posuit
907 4160 929 4192 v.
945 4160 964 4191 c.
979 4143 1045 4192 hune
1058 4161 1162 4194 versum:
1182 4146 1256 4194 Omne
1269 4159 1309 4190 su-
