3009 5000
271 754 349 909 os
388 753 766 876 nontin
795 678 1151 872 'assoon

367 1100 371 1108 ε
533 994 864 1073 ΕΡΙεΤοιΑ
1145 1104 1148 1111 ,

454 1164 943 1290 samsones
1041 1176 1043 1179 ·

605 1416 797 1450 ψ

187 1604 191 1608 ·
222 1584 252 1642 Q.
261 1585 366 1634 Horatii
378 1586 588 1650 FtoesiEps‘stola
600 1585 685 1634 adPs‘·
716 1581 955 1647 iocosum,mordax,
969 1591 994 1632 et
1006 1597 1091 1632 nomen
1102 1582 1213 1632 Latinum

188 1684 266 1718 sones.
284 1670 355 1719 Multi
370 1671 446 1719 multa
462 1668 491 1718 de
507 1670 586 1719 titulis
602 1672 685 1719 carmi-
717 1671 812 1718 Satura
835 1685 943 1735 magnam
966 1666 1070 1716 habebat
1091 1667 1213 1717 literarum

187 1769 246 1803 num
253 1755 432 1804 donatianorum
440 1754 628 1821 disputaverunt.
638 1756 685 1822 ligo
717 1753 897 1803 similitudinem
913 1754 1003 1803 nomini
1017 1753 1105 1801 Graeco
1117 1752 1215 1809 Σάτυ-

188 1837 249 1905 quid
264 1839 324 1889 mihi
338 1855 394 1889 vero
411 1857 460 1889 esse
473 1839 551 1889 simile
564 1839 685 1904 videatur,
718 1857 773 1906 ροι,
787 1838 857 1902 hinc,
870 1856 918 1888 non
931 1840 977 1905 ipsi
986 1839 1216 1904 Romani,quiqui·
1242 1856 1245 1865 ’

188 1922 273 1975 dicam.
289 1924 341 1973 Duo
351 1927 479 1991 praecipua
495 1927 585 1991 poesios
598 1942 684 1991 genera
716 1923 771 1973 dem
788 1941 837 1973 non
858 1933 936 1973 esseut
952 1906 1057 1987 indocti,
1079 1921 1120 1973 sed
1134 1923 1215 1972 (iram-

190 2019 271 2073 cram,
292 2011 390 2076 Epicum
410 2020 435 2059 et
453 2012 625 2076 Drmaticnm,
641 2011 687 2060 hot
718 2012 801 2061 mstici
813 2012 956 2060 recentiores
963 2012 1081 2059 Samroea
1088 2011 1216 2058 Romam

188 2105 265 2145 metro
288 2095 406 2161 iambico,
429 2095 492 2147 illud
507 2096 611 2147 heroico.
633 2097 686 2146 Gar·
718 2094 1218 2161 confuderuntcumSotyaisGraeeisnt·

189 2182 255 2231 mina
274 2185 378 2246 minora,
402 2199 450 2232 nou
470 2198 545 2232 unum
560 2199 588 2231 ac
603 2199 687 2249 perpe·
712 2199 766 2249 vqne
778 2182 835 2232 iude
850 2192 921 2232 natus
936 2192 972 2231 est
989 2199 1066 2244 error,
1083 2197 1130 2247 quo
1145 2179 1217 2230 hodie

188 2276 258 2316 tuum
278 2266 393 2317 habentia
414 2277 594 2334 argumentum,
616 2268 688 2316 auiis
719 2265 1218 2333 vulgoinomnibnsliuiusllurcpaelinguis

189 2355 318 2419 composita
342 2355 437 2416 metris,
462 2355 484 2402 si
504 2355 531 2402 in
547 2367 622 2401 unum
638 2368 688 2400 cor-
719 2351 854 2401 librumvel
870 2350 1112 2414 eumsnridlculum‚
1126 2349 1218 2400 ubivi-

188 2454 234 2505 pus
257 2437 322 2488 edita
345 2440 560 2504 coniungerentur,
585 2452 688 2486 commu·
719 2434 1218 2504 tialsominumdestringuntur,appellaut

187 2541 242 2574 uem
262 2524 384 2575 habebant
408 2524 524 2587 titulum,
548 2522 686 2589 appellaba·
717 2521 1217 2589 Sotyrom,quod‚latinescrilseutes‚in·
1302 2525 1307 2530 '

187 2620 274 2677 torque
287 2610 350 2660 illud
363 2626 448 2676 corpus
460 2611 554 2659 Satura
566 2608 688 2657 vclEelo-
719 2608 814 2657 tardum
837 2610 1015 2675 perspicuitatis
1035 2624 1116 2658 caussa
1138 2609 1218 2657 imita·

185 2710 244 2761 gae.
259 2697 354 2745 Satura
365 2697 414 2745 sive
427 2697 530 2758 Sotira,
544 2705 573 2744 ut
585 2693 689 2743 ostendit
721 2711 783 2744 mur.
799 2695 893 2742 Satasra
905 2696 981 2760 igitur
996 2696 1102 2743 continet
1115 2696 1219 2744 carmina

188 2781 228 2828 sir
241 2796 340 2847 magnus
346 2782 377 2830 Is.
391 2779 552 2843 casaubonus,
569 2789 605 2828 est
620 2795 688 2828 voca·
720 2779 843 2841 miscella,
863 2778 944 2844 qualia
959 2779 1059 2828 maiores
1073 2780 1149 2828 nostri
1162 2795 1219 2845 poe·

189 2863 274 2914 bulum
294 2867 419 2929 latinum,
444 2877 469 2915 et
490 2865 580 2915 dicitur
599 2873 688 2914 actara
718 2875 759 2914 tae
772 2862 925 2914 nominabant
936 2866 1219 2928 clamoremanus·

187 2950 282 3000 scilicet
306 2953 384 3012 Iam
413 2952 474 2998 lana
493 2960 575 2999 autem
598 2958 687 3000 saturo
715 2953 831 3017 gelmcss.
856 2950 905 2999 lam
926 2965 1002 3017 acque
1019 2948 1155 2999 ridiculum
1164 2960 1219 3015 cst,

191 3044 228 3085 est
238 3037 333 3102 patina,
349 3036 421 3101 plena
430 3037 496 3084 vario
509 3050 596 3101 genere
609 3052 689 3101 pomo-
717 3037 742 3085 si
756 3038 810 3103 quis
822 3034 948 3085 contendat
960 3034 1005 3084 hoc
1015 3033 1156 3085 taedulum
1169 3052 1219 3085 esse

190 3139 258 3184 rum,
279 3120 342 3171 unde
358 3119 501 3170 transfertur
516 3119 547 3170 ad
560 3122 688 3170 mixturam
718 3120 874 3171 derivandum
889 3137 904 3170 a
919 3121 1031 3169 macella
1044 3122 1133 3183 Musa,
1147 3137 1219 3188 mam

191 3207 295 3257 aliarum
310 3221 403 3269 rerum,
420 3207 499 3272 Ιαμπι
513 3213 639 3269 saturum,
653 3207 692 3255 lsi-
724 3208 842 3257 Saturam
871 3223 885 3256 a
910 3208 1021 3271 Satyris.
1051 3204 1220 3257 convenientis

189 3294 298 3342 *sterion
308 3306 358 3357 per
371 3291 498 3355 saturum,
518 3308 580 3359 quae
595 3291 690 3341 Graecis
720 3293 801 3342 Latini
810 3293 912 3341 nominis
922 3308 976 3342 cnm
986 3291 1086 3356 (lraeco,
1098 3302 1123 3341 et
1134 3292 1221 3342 ultima

192 3388 229 3429 est
244 3376 361 3443 ποικίλη.
378 3377 522 3442 Argumenta
535 3379 642 3427 Saturae
654 3385 692 3426 tot
724 3394 779 3443 pars
794 3376 920 3427 lleerlandi
936 3394 990 3427 eum
1005 3379 1103 3441 latino,
1120 3387 1156 3427 est
1171 3378 1220 3427 fos*

193 3473 273 3528 crant,
295 3473 354 3530 quet
370 3471 438 3513 erant
453 3461 562 3528 singulae
578 3479 606 3512 ac
621 3479 688 3529 sepa·
721 3464 792 3512 tuita.
814 3462 897 3513 Postea
912 3463 1012 3512 Romani
1026 3463 1103 3512 multa
1117 3463 1166 3514 alia
1178 3480 1219 3512 no·

191 3560 256 3600 ratae
272 3559 369 3617 partes,
388 3550 438 3598 sive
454 3563 493 3596 cas
508 3549 635 3612 cannino,
657 3549 690 3598 ls‘·
721 3550 786 3597 mina
805 3546 837 3596 ad
860 3546 1023 3598 declarandam
1042 3564 1122 3597 rarum
1137 3547 1220 3599 huius-

190 3638 259 3700 droa,
268 3636 409 3701 poematia,
426 3635 475 3683 sire
489 3632 688 3684 aliudnominare
721 3632 785 3683 modi
806 3634 950 3699 farraginem
970 3637 1127 3697 invenerunt,
1151 3650 1220 3701 prae·

190 3721 259 3770 velis.
275 3721 389 3770 ductores
403 3722 510 3769 Summe
520 3719 547 3767 in
562 3719 594 3767 iis
605 3720 689 3769 cumi·
719 3720 802 3768 sertim
824 3735 878 3769 cum
897 3719 985 3768 Graeca
999 3722 1075 3785 magis
1091 3717 1220 3770 invalesce·

191 3805 263 3855 nibus
282 3806 322 3855 vel
342 3803 486 3867 laudabant,
507 3803 546 3852 vel
567 3805 688 3870 vitupera·
719 3803 787 3854 bant.
816 3803 892 3853 Aulus
912 3804 1003 3854 Gellius
1023 3805 1049 3852 in
1069 3803 1220 3854 Praefatione

191 3891 268 3952 bant,
284 3891 323 3940 vel
340 3889 467 3952 docebant,
480 3888 520 3937 vel
536 3891 613 3939 amnia
628 3889 688 3939 haec
719 3891 829 3939 Noctium
845 3889 976 3939 Atticarum
990 3887 1107 3938 nonnulla
1124 3889 1221 3940 retulit.

189 3976 264 4026 simul
281 3974 415 4040 faciebant,
432 3984 461 4023 ut
475 3976 585 4024 Horatius
600 3976 626 4024 in
642 3974 688 4024 hec
720 3974 767 4024 Sed
788 3976 883 4023 Satacra
903 3984 940 4023 est
962 3975 1168 4039 antiquissimum,
1193 3985 1219 4025 et

193 4066 245 4129 ipsa
265 4059 296 4112 ad
312 4062 405 4110 Pisones
420 4061 523 4128 Epistola
539 4062 607 4112 fecit.
630 4061 691 4125 Quia
722 4061 865 4110 auctoritate
882 4060 952 4109 linnii
966 4060 1034 4125 quasi
1050 4071 1220 4112 camenctum.

192 4165 248 4198 vero
266 4155 431 4214 argumentum
447 4162 517 4212 saepe
532 4158 583 4196 erat
598 4145 689 4210 hilare,
722 4147 811 4195 Ennius
831 4145 925 4212 scripsit
943 4145 1013 4210 Epicu
1031 4145 1219 4198 etllresnatica.
