3009 5000
315 477 356 539 36
579 472 794 540 uenatu
824 481 1070 542 epistota

338 678 447 751 Multa
468 687 699 770 renascentur,
714 676 807 774 'quae
826 682 892 749 iarn
909 681 1073 769 cecidere3
1094 681 1302 777 cadentque,
1377 732 1381 738 -

303 904 383 969 regie.
409 899 535 968 Vulgatum
558 902 619 952 vidit
641 903 741 967 Quintil.
763 904 802 950 In-
833 904 904 968 sent),
919 907 953 953 ita
967 915 1044 953 tamen
1057 909 1082 954 in
1094 905 1197 972 vulgatis
1206 922 1286 953 secure
1297 923 1336 954 ae-

304 991 355 1038 stit.
377 989 439 1038 Orat.
461 991 525 1052 llll,
550 1003 587 1050 vl,
609 991 649 1037 23.
681 991 803 1052 Receptus
834 992 953 1054 quiescere
961 986 1008 1041 non
1025 1009 1124 1055 possum.
1137 993 1283 1056 Quapropter
1292 1007 1334 1056 pro

303 1073 367 1125 idem
380 1085 430 1137 est,
443 1074 506 1141 quad
520 1074 561 1123 alii
570 1074 801 1124 dieuntimma'saus.
834 1075 916 1124 REGIS
936 1066 1085 1124 scribendum
1108 1077 1210 1126 arbitror
1228 1078 1265 1125 vel
1287 1079 1336 1125 RE·

303 1160 349 1210 Res
370 1171 425 1221 nota
441 1160 470 1209 de
486 1162 572 1211 Xerxe.
597 1160 653 1208 lide
675 1161 752 1208 Burm.
771 1161 801 1208 ad
833 1161 903 1209 Gllbl
918 1161 955 1209 vel
975 1161 1064 1210 vauls.
1086 1164 1192 1227 Regium
1212 1180 1270 1226 apae
1286 1163 1335 1210 for-

300 1246 397 1295 lnthol.
412 1247 436 1294 T.
452 1249 476 1307 1,
490 1263 544 1311 pag.
559 1248 613 1294 191.
833 1257 892 1294 tasse
916 1248 1047 1312 signifieare
1069 1250 1147 1312 potuit
1168 1250 1264 1312 regale,
1289 1246 1335 1297 hoa

313 1333 414 1397 'Regis
429 1347 495 1395 qaae.
519 1332 618 1379 Romani
638 1341 691 1396 past
706 1320 802 1396 Tarqui·
835 1342 870 1378 est
884 1349 939 1396 rege
954 1331 1057 1398 dignum.
1081 1333 1224 1398 Quamquam
1242 1343 1334 1381 veteres

301 1419 368 1467 nium
386 1415 517 1482 Superbum
539 1418 662 1464 anomine
680 1418 754 1481 regni
776 1427 801 1464 et
832 1417 982 1465 Grammatiei
1003 1420 1066 1465 inter
1090 1428 1216 1482 utrumque
1236 1418 1335 1466 adieeti-

300 1504 370 1568 regie
393 1501 603 1551 uehementissime
629 1500 796 1550 abhorrebant.
831 1519 885 1550 vum
908 1502 1079 1551 dIseernehant.
1106 1503 1130 1551 Si
1149 1507 1199 1568 ipsa
1219 1503 1334 1569 Stipionis
1358 1538 1362 1543 -

299 1586 440 1637 Plutarchus
462 1590 489 1636 in
513 1590 613 1636 Antonio
637 1592 679 1649 le,
711 1589 796 1636 mirum
830 1587 901 1635 verba
917 1590 1000 1636 latina
1023 1590 1120 1651 scirem,
1143 1606 1203 1654 quae
1221 1588 1333 1655 Polybius
1410 1590 1412 1597 ¹

300 1674 370 1737 (licit,
388 1673 450 1740 qnod
471 1674 569 1722 Romani
585 1681 641 1729 τοῖς
659 1672 744 1738 ἔργοις
762 1677 797 1722 τὰ
830 1674 915 1722 Graece
938 1657 1022 1721 retulit
1037 1676 1072 1736 Χ,
1091 1676 1137 1736 40,
1154 1676 1243 1721 certius
1260 1673 1288 1721 de
1306 1692 1331 1722 re

298 1761 353 1809 τῶν
379 1748 577 1820 βιισιλενὸντιιιν
606 1759 798 1818 ὑπομένοντες,
817 1762 878 1821 ¹ista
897 1770 1033 1807 statuerem.
1053 1758 1250 1824 Scipiodiaehat:
1269 1760 1332 1807 Bn-

297 1846 416 1905 'coilaaau
434 1849 483 1895 τοῦ
502 1845 642 1905 βασιλέως,
671 1844 799 1901 niensted-
833 1845 930 1902 σιλικὸς
958 1843 1005 1905 μὲν
1031 1845 1186 1906 βούλεσθαι
1213 1847 1258 1893 καὶ
1286 1832 1332 1895 11-

297 1932 371 1982 λυσιν
393 1938 441 1997 τῆς
466 1932 638 1997 ἐλευθερίης,
671 1929 791 1992 ἔφευγον.
827 1933 926 1993 roobia
944 1935 1017 1995 παρὰ
1030 1937 1108 1989 πᾶσι,
1131 1934 1175 1980 καὶ
1187 1941 1247 1989 ταῖς
1263 1933 1333 1997 ἀλη-

296 2016 360 2066 Illud
384 2034 472 2066 nomen
492 2019 581 2065 nemini
601 2018 711 2064 maiorem
736 2017 796 2063 invi·
830 2018 920 2072 belnae
956 2015 1098 2080 ὑπάρχειν.
1138 2019 1267 2077 βασιλείς
1298 2038 1330 2081 γε

297 2102 359 2151 dlam
381 2103 505 2150 conciliare
527 2111 637 2166 poterat,
660 2118 729 2167 quam
750 2103 797 2148 lu·
831 2106 883 2165 μὴν
918 2101 981 2150 οὔτε
1009 2102 1114 2150 ἐθέλειν
1144 2095 1230 2161 εἶναι,
1265 2105 1328 2155 οὔτε

296 2198 379 2254 gusto,
406 2188 457 2250 illi,
485 2190 526 2253 qui
548 2186 684 2235 libertatem
713 2204 794 2234 revera
828 2185 957 2249 λέγεσθαι
975 2186 1038 2253 παρ’
1054 2188 1156 2238 oedeel.
1181 2191 1237 2238 Usus
1251 2200 1330 2239 tamen

295 2285 460 2341 oppresserat,
478 2273 518 2322 sed
533 2272 639 2321 umbram
657 2283 681 2320 et
695 2274 797 2338 speeiem
831 2274 913 2321 luisse.
944 2273 1038 2321 videtur
1069 2275 1184 2323 adieetIvo
1217 2278 1329 2340 regalia,

296 2360 473 2426 diligentissime
495 2359 610 2408 servabat.
628 2361 718 2423 Quare,
734 2369 794 2406 teste
827 2359 890 2424 quod
911 2361 991 2407 Livius
1017 2361 1113 2424 xxvu,
1146 2365 1187 2424 19,
1213 2362 1328 2410 ostendit:

294 2446 406 2494 Suetonio
423 2462 474 2510 cap.
491 2448 539 2506 53,
565 2446 730 2491 demittamne
751 2460 794 2507 ap·
827 2445 884 2490 Sibi
906 2447 1041 2490 anaalrnam
1064 2461 1149 2492 namen
1170 2449 1330 2510 imperatoris

289 2533 385 2597 pellat-ri
397 2546 427 2577 ne
448 2547 463 2577 a
480 2531 568 2577 liberis
583 2530 680 2590 quidem
695 2536 741 2575 aut
754 2544 794 2574 ne-
827 2544 892 2590 eaee,
918 2545 963 2590 quo
985 2545 1011 2575 ae
1034 2530 1133 2577 milltes·
1150 2533 1193 2577 eai
1210 2535 1330 2595 appellae-

288 2618 392 2683 pots'bus
402 2618 470 2677 nile‘‚
489 2616 605 2662 aulearia
618 2616 658 2661 ael
673 2616 723 2662 ioeo
733 2630 794 2677 paa-
827 2621 890 2661 sent.
906 2615 1012 2678 Regium
1025 2630 1110 2661 namen
1123 2618 1187 2663 alibi
1199 2633 1327 2683 inagnum,

292 2719 337 2752 aaa
349 2709 402 2751 eat:
417 2710 490 2764 atque
504 2701 644 2749 bralusmada'
654 2701 793 2748 blanditiae
825 2701 914 2747 Ranae
938 2701 1096 2747 intolerabile
1120 2718 1178 2750 esee.
1211 2705 1328 2768 Regulam

293 2790 371 2837 etiarn
391 2791 461 2836 irater
480 2790 548 2851 apros
562 2787 698 2851 prohibuit.
733 2787 794 2849 Quo·
826 2786 935 2832 anianum
951 2787 980 2831 in
1004 2801 1030 2833 ee
1049 2801 1116 2846 esae;
1139 2789 1165 2835 ei
1188 2789 1218 2836 id
1237 2791 1266 2836 in
1287 2792 1327 2837 ba-
1347 2808 1352 2816 ·

284 2874 360 2924 modo
375 2877 422 2924 iam
441 2874 550 2922 Horatius
570 2890 643 2938 opus,
667 2888 747 2919 reeens
763 2870 793 2919 ab
826 2872 906 2918 artinis
928 2873 1031 2936 ingenia
1059 2875 1238 2937 arnplt'eaa‘mum
1258 2877 1327 2924 datae·

291 2961 396 3027 Augusto
413 2970 572 3021 exstructum,
589 2956 697 3005 omnibus
711 2967 793 3005 notum
827 2965 897 3019 rent,
916 2959 994 3005 taelte
1007 2959 1163 3020 iudiearent5
1182 2963 1326 3009 aoeisasar-

291 3057 317 3095 et
330 3045 467 3108 laudatum,
486 3045 606 3110 appellare
621 3041 719 3090 auderet
734 3060 793 3107 opas
821 3046 926 3107 petione
941 3045 1104 3093 abstinerent.
1123 3046 1209 3109 Quodsi
1226 3050 1271 3095 Iam
1289 3062 1326 3094 re·

292 3129 383 3197 regia?
407 3132 454 3179 Hoe
471 3131 529 3179 dnos
545 3140 637 3177 veteres
652 3129 792 3190 Germanos,
822 3131 895 3192 gaam
913 3145 971 3191 apris
996 3147 1041 3176 non
1059 3140 1146 3178 temere
1166 3131 1259 3179 admitti
1273 3149 1325 3196 pos·

283 3218 419 3267 'Gesnerum
446 3227 470 3265 et
496 3218 626 3282 Ileynium,
645 3216 736 3276 movit,
764 3224 791 3261 ut
825 3216 855 3261 sit
863 3197 875 3275 ,¹
892 3214 968 3261 multo
982 3218 1057 3263 miuus
1071 3226 1148 3280 potest
1164 3218 1233 3280 regis
1249 3232 1308 3279 opas
1316 3236 1325 3265 :

291 3320 373 3370 regern
386 3320 432 3350 non
452 3302 480 3350 de
502 3305 619 3367 Augusto,
642 3300 683 3348 sed
703 3298 792 3348 illaad
825 3309 860 3346 est
875 3300 953 3361 enim,
972 3299 1034 3364 quod
1050 3303 1100 3364 ipse
1118 3317 1176 3362 rex,
1190 3302 1323 3365 Augustus,

287 3390 315 3440 h.
327 3390 344 3439 1.
359 3388 388 3436 de
396 3390 489 3450 Xerxe,
503 3386 541 3435 hic
556 3386 585 3434 ad
600 3386 693 3451 Virgilii
706 3386 789 3451 Georg.
825 3387 955 3433 coustituit.
989 3387 1026 3434 sie
1057 3387 1137 3434 Florus
1160 3388 1184 3448 I,
1211 3389 1233 3435 1.
1260 3389 1324 3436 Alba

287 3478 325 3539 u,
351 3476 412 3536 ret,
435 3473 464 3522 de
486 3490 541 3539 rege
561 3473 639 3538 aliquo
656 3472 789 3519 Ptolemaeo
824 3478 881 3518 tane
904 3479 961 3518 erat
978 3473 1052 3519 Latio
1068 3480 1155 3535 eaput,
1181 3472 1235 3519 Iuli
1256 3488 1322 3536 epae.

289 3572 316 3613 et
348 3571 419 3627 portu
442 3558 616 3620 Alexandrino,
646 3560 790 3621 arriperent.
824 3555 888 3604 Idem
910 3559 935 3620 1,
956 3560 993 3605 18.
1024 3561 1147 3605 Tarentus
1167 3558 1323 3606 Lacedaemo-

286 3646 357 3714 ·Quod
375 3655 403 3694 ut
427 3644 486 3693 mihi
511 3661 556 3692 nou
572 3643 703 3691 verosimile
727 3642 792 3690 vide·
824 3644 922 3689 uiarum
931 3660 996 3706 opus.
1011 3645 1125 3690 Ausonius
1137 3643 1257 3691 inblosella
1265 3647 1321 3694 289.

291 3746 346 3797 tur,
379 3731 435 3797 (non
459 3733 521 3780 enirn
548 3729 627 3796 placet
652 3739 699 3777 tam
721 3727 790 3793 longe
825 3728 889 3786 Quis
903 3729 1063 3776 Chalcedonio
1079 3727 1197 3792 (miretur)
1214 3739 1322 3778 emmtra-

290 3821 394 3886 petitum
413 3816 546 3881 exemplum
568 3816 631 3862 iuter
652 3813 698 3861 duo
712 3812 790 3861 dome·
824 3821 876 3860 tam
892 3815 1011 3860 oblitane
1027 3821 1148 3877 pontum,
1168 3817 1247 3881 Regis
1263 3833 1321 3881 opas

288 3906 365 3967 stica,
386 3920 462 3970 neque
484 3911 544 3950 esset
565 3899 674 3949 decorum
692 3898 787 3947 silentio
819 3900 913 3964 magni.
945 3898 1000 3946 Ideo
1024 3902 1101 3948 serlus
1122 3900 1213 3950 iudico:
1249 3904 1321 3951 Urbis

290 3973 420 4054 praeterire
440 3990 586 4055 Augustum,
611 3987 695 4052 quiin
719 3983 789 4032 Italia
822 4001 887 4049 opas.
909 3984 1004 4032 Veteres
1025 3985 1147 4051 appellant
1163 4004 1230 4036 omne
1247 4004 1319 4052 opus,

290 4089 367 4140 nuper
390 4076 496 4138 iecerat,
521 4072 583 4140 quod
604 4071 699 4121 barbari
720 4086 787 4135 reges
818 4071 932 4118 inusitata
955 4070 1117 4135 magnitudine
1143 4088 1171 4120 ne
1195 4070 1319 4135 splendore

292 4158 334 4209 tie
349 4169 420 4209 antea
437 4155 507 4226 longe
523 4168 591 4208 extra
605 4157 699 4206 Italiam
719 4156 789 4205 seris·
822 4155 955 4218 excellens,
986 4158 1056 4206 urbia
1085 4172 1151 4222 opus.
1185 4156 1318 4222 vVirgilius,
