3009 5000
281 478 337 539 134
549 479 758 542 HORATII
789 476 1033 539 EPISTOLA

308 679 433 751 Verum
460 683 551 777 operi
571 682 674 775 longo
695 681 744 751 iae
767 688 818 752 eet
842 678 1004 774 obrepere
1028 699 1194 749 somnum.

276 912 327 966 tor,
340 904 384 969 qui
399 920 477 969 neque
493 905 583 971 ipsein
599 920 683 970 magno
694 906 772 969 pretio
806 903 855 952 Sed
876 909 957 951 meoet
977 903 1090 966 obrepere
1113 915 1212 949 emenus
1235 898 1304 946 anile

275 986 360 1037 heberi
373 1000 492 1053 meretur,
509 989 635 1056 aliqnando
654 989 775 1038 dormitet.
799 994 890 1053 «captet.
909 987 1047 1066 Lactantius
1064 985 1094 1034 de
1109 985 1207 1051 epifido
1221 984 1266 1032 Hei
1280 999 1304 1032 c.

273 1073 364 1123 Neutra
377 1077 497 1124 sententia
511 1085 615 1124 mentem
627 1074 721 1123 Horatii
734 1091 775 1123 ex·
805 1073 887 1123 xlm.
903 1075 970 1122 Dum
983 1075 1085 1121 intenta
1099 1079 1139 1120 eet
1153 1086 1222 1118 mem
1233 1070 1265 1118 in
1274 1084 1304 1118 eo

274 1158 366 1223 primit.
393 1159 506 1209 Homerus
521 1160 576 1227 plns
592 1169 628 1208 est
646 1176 717 1226 quam
732 1158 775 1207 bo-
806 1160 836 1208 de
852 1160 939 1224 quidue
958 1160 1072 1225 cogitat,
1089 1164 1190 1222 repente
1206 1171 1304 1204 enormes

274 1261 321 1292 nus
345 1254 440 1311 poeta,
462 1255 499 1294 est
522 1246 627 1294 omnium
650 1254 774 1310 poetarum
806 1246 909 1310 obrepit.
935 1246 964 1293 Et
980 1243 1060 1293 dativo
1078 1259 1171 1309 quoque
1186 1241 1303 1307 iungitur.

275 1329 338 1377 liena
352 1346 381 1379 ac
394 1340 476 1396 pater,
496 1340 533 1379 est
548 1339 648 1379 naturae
669 1347 695 1379 se
708 1346 779 1396 supe·
809 1330 905 1380 Ovidius
919 1332 981 1380 Part.
995 1329 1042 1393 111,
1061 1331 1101 1378 19.
1122 1328 1220 1376 Biznda
1234 1329 1305 1391 quies

277 1415 354 1463 rantis
380 1431 447 1479 opus.
475 1415 534 1464 Tota
554 1416 697 1482 antiquitas,
717 1416 774 1481 ipse
797 1417 896 1477 sertim
908 1417 986 1465 vietis
999 1415 1094 1480 obrepit
1111 1415 1203 1463 ocellis.
1216 1412 1305 1462 Seneca

271 1499 395 1562 Horatius,
416 1501 443 1549 in
461 1516 489 1548 eo
505 1499 623 1550 laudando
640 1510 770 1551 certarunt.
803 1500 885 1551 Troad.
898 1502 955 1553 441.
969 1503 1106 1565 Brevieqase
1113 1501 1306 1561 fesstssemms

255 1585 459 1649 inminentem,
476 1585 642 1653 quualiquem
658 1603 711 1636 cum
727 1589 772 1636 mi·
804 1587 1006 1653 obrepeitgenie.
1033 1588 1109 1651 Quare
1122 1602 1176 1634 enm
1188 1585 1305 1633 utrumvis

271 1671 390 1719 seratione
408 1673 493 1721 bonnm
512 1674 595 1721 dmm
610 1673 773 1739 appellamus,
806 1657 941 1739 leqitimum
961 1674 1007 1736 sit,
1030 1671 1060 1721 ob
1079 1671 1186 1721 codicum
1203 1670 1306 1718 anctori-

273 1772 288 1804 a
305 1755 357 1805 loco
373 1756 444 1822 plane
460 1757 582 1809 abhorret.
604 1758 685 1826 Neque
702 1758 775 1807 Hora·
806 1767 881 1807 tatem
892 1760 1021 1807 retinemur
1031 1757 1072 1806 laic
1081 1757 1199 1808 dativum:
1219 1755 1306 1803 Verrem

273 1842 323 1890 tius
355 1842 382 1891 id
442 1843 586 1894 adiectivum
609 1845 635 1893 in
660 1835 776 1895 antithesi
808 1847 877 1909 operi
898 1847 969 1910 longe
982 1844 1030 1906 fas
1051 1852 1090 1893 est
1114 1844 1225 1907 obrepere
1244 1856 1306 1889 ema·

272 1937 327 1976 tana
344 1927 369 1978 di
384 1934 437 1979 ersa
457 1931 630 1995 significatione
651 1932 776 1996 posuisset.
808 1946 876 1980 num,
893 1931 1158 1995 ltrmnmee,inqnies,
1173 1944 1221 1976 non
1229 1927 1305 1991 operi,

271 2014 349 2062 Acron
377 2015 567 2080 interpretatur:
602 2015 774 2078 »Quandoque
806 2014 847 2063 sed
860 2017 959 2063 auctori
973 2014 1090 2080 subrepit.
1106 2015 1179 2063 Recte
1195 2012 1305 2079 quidem:

273 2100 349 2146 lenus·
363 2099 486 2147 dormitat
501 2100 635 2148 Homerus:
657 2100 711 2148 te.
733 2116 776 2147 ne·
807 2097 937 2149 etidcirco
957 2116 1010 2148 cum
1028 2098 1073 2148 boe
1093 2100 1218 2164 figuratius
1235 2101 1268 2146 sit
1281 2107 1308 2147 et

273 2182 394 2247 gligenter
416 2181 519 2246 scribit,
545 2185 565 2233 i.
585 2201 607 2233 e.
632 2182 773 2251 quandoque
806 2182 873 2234 dictu
889 2184 1045 2248 insolentius,
1066 2183 1210 2234 alibrariis
1221 2184 1307 2232 imaru-

272 2277 338 2316 errat
361 2267 437 2317 bonus
460 2272 559 2335 poeta.”
583 2268 647 2333 Sed,
672 2280 701 2318 ut
723 2271 773 2320 iarn
805 2280 882 2320 tatum
902 2288 951 2321 esse
971 2268 1086 2320 credibile
1105 2280 1153 2328 est;
1173 2267 1237 2318 illud
1257 2264 1316 2317 tarn

273 2353 343 2417 diri,
361 2354 486 2420 epitheton
495 2356 591 2405 tenuius
604 2365 641 2405 est
653 2351 724 2423 quarn
731 2373 776 2422 pro
807 2356 906 2423 planum
926 2367 952 2406 et
967 2356 1040 2407 facile
1055 2372 1176 2423 nunquam
1194 2353 1308 2404 sollicita·

271 2439 334 2503 illo,
358 2442 401 2507 qui
426 2442 513 2490 eximie
533 2426 671 2508 appellitur
689 2450 775 2507 poeta.
809 2444 883 2506 turis,
896 2444 945 2491 sia
957 2443 1114 2509 principioin
1130 2439 1254 2490 codicibus
1269 2456 1307 2488 re-

270 2526 405 2588 Ghoerilus,
419 2528 454 2575 ait
465 2527 588 2588 Horatius,
600 2527 639 2573 lis
651 2535 718 2574 terve
731 2535 771 2575 eat
802 2531 926 2593 perissent.
950 2527 1058 2577 Ceterum
1076 2527 1305 2592 rimilifiguraSta-

273 2612 357 2659 Mnus.
393 2610 441 2658 Hoc
466 2608 556 2657 dictum
580 2608 687 2676 postulat
711 2609 774 2660 banc
806 2610 1149 2674 tius'l’beb.VlII,218.eroe
1163 2612 1252 2660 addita
1265 2629 1308 2661 cu-

270 2693 414 2757 antithesin,
430 2695 451 2743 si
466 2693 531 2742 idem
545 2694 689 2745 adieetivum
701 2713 771 2762 repe·
802 2712 846 2746 ras
857 2697 961 2761 Obruit,
974 2697 1101 2759 etfacilis
1114 2699 1229 2746 heremis
1240 2699 1306 2746 irre-

271 2788 351 2828 taturr
366 2779 553 2843 Homerus,non
565 2778 603 2829 bis
615 2779 654 2829 vel
666 2790 718 2844 ter,
731 2780 774 2831 sed
800 2798 862 2847 pere
890 2799 1003 2844 emnam
1029 2784 1157 2848 hericiis,
1186 2793 1215 2832 ut
1239 2786 1308 2848 epen‘

273 2881 369 2931 semper
390 2873 430 2915 eet
448 2867 530 2918 toron
555 2864 705 2916 Scribuntur:
731 2870 776 2917 Sic
808 2870 931 2934 obrepere,
944 2868 991 2918 boc
1007 2879 1044 2918 ert
1063 2867 1119 2923 dum
1135 2870 1233 2934 flemus,
1250 2869 1307 2918 darn

270 2954 354 3016 mibi,
392 2955 437 3017 qui
462 2961 561 3015 cesset,
591 2954 714 3017 multum,
734 2957 774 3016 fit
805 2972 864 3021 opns
877 2956 991 3004 facimus:
1017 2972 1072 3004 nam
1085 2956 1202 3005 lacrimae
1222 2958 1306 3022 utique

273 3040 415 3101 Ubomlee,
431 3040 489 3102 ille,
507 3040 584 3098 Quem
599 3039 638 3087 bie
652 3047 720 3087 terve
734 3041 772 3089 bo-
802 3058 849 3090 non
863 3042 938 3107 magis
951 3040 1085 3104 dormiunt,
1100 3057 1170 3107 quam
1184 3058 1244 3106 epus
1253 3040 1307 3090 dor-

271 3127 331 3174 aum
343 3141 401 3173 esem
416 3126 473 3174 riou
488 3127 583 3188 miror,
605 3132 631 3173 et
646 3125 712 3173 idem
728 3126 771 3174 In·
802 3125 854 3176 r'nit.
869 3128 1026 3194 Hieronymus
1041 3126 1073 3175 ad
1090 3126 1264 3177 Pammachinm
1277 3136 1303 3176 et

270 3211 377 3274 digner,
393 3210 502 3274 quando,
517 3225 593 3275 eaquae
609 3211 699 3274 bonae,
716 3210 771 3259 dor·
801 3211 931 3260 Oceanum:
953 3212 1023 3269 Quod
1039 3213 1066 3260 ei
1083 3214 1143 3276 quis
1158 3214 1238 3261 ludos
1257 3214 1306 3261 Ze-

270 3297 348 3344 mitat
365 3296 495 3346 Homerus.
804 3298 866 3347 letes
882 3299 1023 3361 opposuerit
1038 3299 1108 3346 nobie
1126 3313 1223 3346 errores
1237 3300 1307 3360 eius,

308 3381 394 3428 Verrem
406 3396 476 3445 opere
495 3383 524 3429 in
537 3382 663 3447 loogosas
678 3390 718 3431 est
733 3383 771 3432 ob·
802 3382 893 3430 radiat
927 3383 1017 3446 libere,
1044 3383 1175 3432 Interdum
1200 3398 1306 3447 arrogatur

270 3481 355 3531 repere
375 3482 492 3514 emonem.
516 3467 554 3515 lta
569 3466 661 3516 malunt
681 3466 768 3531 bodie,
801 3468 922 3516 dorneitat
949 3469 1086 3531 Hectoras-,¹
1124 3469 1210 3516 Verum
1237 3470 1307 3533 operi

270 3562 296 3602 et
311 3553 345 3602 ric
358 3553 443 3618 scripti
457 3550 563 3618 aliquot,
579 3554 606 3601 in
622 3552 709 3619 quibus
723 3554 769 3602 He·
801 3553 927 3618 lertgosas
944 3562 984 3603 eat
1002 3556 1114 3619 obrepere
1130 3569 1247 3602 emonem.
1268 3555 1307 3606 Ita

271 3640 376 3707 ginensis
391 3647 479 3688 noster.
511 3638 543 3686 lt
562 3648 669 3688 vetustae
687 3638 773 3688 editio·
804 3654 884 3688 ornnes
897 3637 1027 3689 doctissimi
1043 3640 1120 3705 patris
1133 3637 1264 3703 editiones,
1281 3649 1307 3688 et

274 3743 329 3789 nes,
351 3735 376 3774 et
396 3723 473 3773 multo
494 3723 578 3773 melior
591 3741 646 3790 pars
657 3724 774 3774 membre·
806 3723 880 3775 codex
895 3727 998 3791 scriptus
1009 3728 1036 3775 in
1052 3724 1156 3789 collegio
1169 3724 1307 3776 hmanne·

274 3828 374 3876 narum,
390 3810 519 3878 Gruqniani
536 3808 595 3859 libri
610 3826 704 3873 omnes,
724 3811 779 3860 Lei·
808 3810 839 3860 lis
851 3809 1023 3876 cantabrigiae.
1039 3809 1200 3861 Batinetis.

274 3895 368 3961 densis,
381 3897 524 3947 Graevinnus
545 3912 616 3945 manu
631 3896 708 3961 prima
731 3906 778 3946 cet.
843 3894 1001 3946 Memorabilis
1018 3905 1054 3944 ert
1072 3894 1138 3945 locus
1155 3896 1306 3963 Hieronymi,

275 3982 563 4050 oporilongoerhibent.
580 3983 709 4048 Utrumque
726 3984 779 4048 qui·
811 3999 865 4032 cnm
886 3992 983 4048 propter
1007 3979 1070 4031 illud
1089 3982 1228 4045 interdum,
1255 3991 1307 4030 tum

275 4066 329 4117 dem
354 4069 440 4135 probe:
464 4087 518 4119 nam
543 4070 653 4134 obrepere
674 4078 699 4118 et
712 4066 779 4117 ebse-
810 4078 907 4134 propter
925 4084 1038 4134 magnus.
1061 4068 1107 4132 Qui
1123 4085 1153 4117 ex
1171 4066 1306 4117 verbialio·

274 4153 326 4203 inte
349 4158 454 4220 ponitur.
487 4153 582 4205 Ovidius
598 4156 670 4220 Epist.
689 4154 774 4204 Herust
808 4156 905 4205 ratianis
916 4155 1058 4220 paroemiam
1072 4154 1150 4204 facere
1165 4153 1305 4224 voluerunt,

1495 2801 1497 2914 l
