3009 5000
257 406 299 495 vso
526 410 740 472 rto-nuru
772 392 1019 469 arrsror‘a

292 610 370 703 Quo
393 604 493 682 eoribi
514 618 651 706 possent
670 622 833 701 numero,
853 610 1057 680 monstravit
1078 609 1256 678 Homerus.

248 830 346 900 pallus,
368 832 440 900 idque
464 837 535 884 etiam
552 839 660 885 cerni‘in
676 836 762 884 ultima
794 835 910 896 siccatae,
926 834 1144 883 fluminainnovos
1158 833 1236 882 alveos
1249 830 1290 880 de·

254 918 348 986 syllaba
360 922 440 986 pultis
457 932 481 969 et
493 923 580 986 polita.
604 922 764 986 Quintilianus
796 919 881 981 ducta,
903 919 948 968 hae
973 921 1047 969 moles
1067 919 1195 986 stupendae
1219 919 1290 984 longo

256 1005 315 1055 adeo
341 1008 463 1055 confirmat
490 1008 598 1057 ultimam
620 1009 646 1056 iu
663 1008 757 1072 palus,
791 1023 848 1054 aevo
862 1007 986 1055 fatiscent:
1002 1005 1157 1071 denique,nt
1170 1004 1241 1054 verbo
1254 1003 1290 1052 di-

256 1090 376 1157 (poludis)
407 1093 514 1158 produci.
554 1095 637 1141 Versus
666 1093 759 1141 Horatii
792 1109 855 1155 cam,
873 1092 981 1141 mortalia
989 1092 1084 1153 facta,³
1100 1092 1145 1140 hoc
1163 1102 1215 1153 est,
1236 1091 1291 1138 stri-

188 1229 191 1235 ,
256 1177 304 1226 iarn
326 1188 417 1226 mature
439 1167 587 1244 transpositis
608 1177 668 1226 male
691 1195 759 1226 voca·
791 1178 866 1243 giles,
897 1179 994 1242 opinor,
1022 1187 1047 1224 et
1069 1177 1143 1225 calcei
1167 1175 1291 1242 peribunt.

216 1260 219 1266 ⁵
256 1262 322 1312 ltulis
330 1262 425 1312 videtur
443 1280 491 1311 esse
510 1273 641 1328 corruptus.
663 1263 756 1311 Suntin
788 1263 850 1326 Quid
871 1263 957 1311 mirum
979 1265 1000 1311 si
1020 1279 1088 1312 voces
1106 1280 1147 1310 ore
1164 1273 1188 1311 et
1204 1263 1292 1327 spiritu

255 1349 317 1397 MSS.
346 1349 408 1397 aliae
436 1349 563 1397 varietates
588 1348 651 1414 apud
676 1350 756 1397 Fearu:
790 1350 816 1396 in
833 1365 903 1396 auras
919 1348 1024 1397 difflatae
1041 1359 1161 1413 pereant,¹
1174 1365 1227 1397 cum
1243 1364 1293 1395 ma·

255 1442 358 1496 actoque
384 1437 474 1496 runis,
503 1442 619 1497 atraque,
645 1437 759 1497 altaque,
792 1433 863 1482 nibus
876 1436 952 1495 fucta
974 1452 1058 1500 nempe
1081 1433 1141 1482 ollae
1165 1443 1189 1481 et
1210 1431 1292 1481 cacabi

257 1519 320 1587 quod
343 1520 448 1584 proxime
470 1519 563 1568 accedit
582 1519 611 1568 ad
627 1520 761 1569 Marklandi
793 1521 933 1570 intereant?
960 1521 1034 1569 Satin'
1058 1519 1102 1568 hoc
1124 1518 1171 1567 tibi
1193 1518 1293 1583 placet?

253 1608 412 1671 pulsataque,
423 1605 546 1672 Sedaegre
555 1605 693 1655 adverbium
702 1617 761 1654 tem·
793 1618 892 1672 putasne
908 1608 1017 1655 Nostrum
1030 1618 1078 1654 tam
1096 1606 1186 1653 nullius
1194 1603 1291 1664 iudicii,

256 1693 321 1758 poris
330 1691 445 1741 desidero.
455 1692 521 1740 Nihil
530 1693 616 1742 melius
624 1697 679 1741 novi
690 1710 761 1758 quam
794 1703 822 1741 ut
836 1703 889 1758 post
903 1693 946 1740 illa
959 1693 1066 1757 ingentia
1080 1692 1147 1756 quasi
1160 1691 1235 1737 maius
1250 1687 1294 1737 ali·

257 1778 422 1826 Bentleianum
432 1780 509 1841 palus
518 1782 602 1842 prius.
612 1778 760 1827 Conieceram
793 1779 852 1843 quid
877 1789 901 1825 et
923 1776 1056 1826 mirabilius
1064 1778 1139 1839 saeta
1155 1775 1294 1841 ingereret?

257 1846 392 1912 Sterilisoe
401 1864 476 1923 polus
490 1865 548 1911 olim
556 1872 661 1927 aptaque
674 1866 759 1912 remis.
793 1841 855 1927 Qdid
871 1863 1018 1928 quodfacto
1030 1881 1060 1911 ne
1074 1865 1183 1911 Latinum
1197 1859 1294 1927 quidem

256 1947 306 2005 llll
323 1959 348 1996 et
365 1931 416 1996 01]
427 1967 474 1997 non
483 1949 585 1997 multum
594 1948 718 1997 differunt.
736 1950 764 1996 Et
797 1949 822 1996 in
840 1949 884 1997 hac
901 1951 1020 1997 sententie
1036 1959 1084 2006 est;
1102 1948 1143 1997 sed
1160 1964 1238 2013 opera.
1255 1947 1294 1996 li-

256 2033 282 2079 in
297 2035 374 2096 palus
394 2044 430 2081 est
450 2032 554 2081 eiusdem
572 2034 623 2081 sere
645 2034 697 2081 soni
716 2033 764 2099 syl·
796 2035 849 2081 rius
864 2035 889 2097 1,
903 2038 928 2083 2.
950 2035 1086 2082 Secundum
1100 2035 1160 2081 irule
1170 2034 1295 2097 proelium

180 2106 186 2120 '
257 2115 312 2166 laba
330 2120 417 2166 alu-
431 2121 474 2168 oli.
796 2120 1105 2182 Latinis,Aeaeacetiam
1116 2120 1294 2181 ultimumopa-

290 2203 340 2251 Seu
352 2220 451 2252 cursam
462 2208 573 2254 mutauit
581 2206 761 2271 iniquum'sru-
794 2192 849 2254 marn
862 2209 1006 2255 mortalium
1011 2207 1079 2268 fuit.
1096 2203 1294 2264 lactantiuilll,

253 2290 330 2355 gibus
343 2294 433 2340 amuis.
450 2292 711 2359 Commentatorlegisse
723 2295 758 2342 vi·
791 2295 830 2341 15.
853 2294 932 2342 Nilril
951 2301 990 2341 est
1008 2294 1122 2341 hannonis
1142 2292 1294 2351 laboratum,

257 2374 327 2424 detur
343 2393 393 2425 ceu.
420 2378 468 2426 Hoc
486 2389 600 2428 monstrat
617 2381 761 2443 interpreta-
795 2379 857 2442 quod
871 2396 919 2426 aen
934 2382 964 2425 ab
981 2381 1095 2426 humeris
1110 2391 1185 2439 aeque
1199 2376 1296 2423 viribus

257 2462 293 2510 tio
306 2463 394 2510 aelati.
413 2463 552 2511 D’Orvillius
565 2462 691 2512 adCharit.
704 2446 760 2528 pag}
793 2464 892 2511 destrui
915 2464 1014 2528 possit:
1040 2464 1154 2525 quoniam
1177 2461 1296 2508 mortalia

256 2549 319 2608 073,
342 2558 423 2596 namet
447 2565 471 2596 se
493 2551 518 2595 in
538 2549 636 2596 Francia
654 2547 758 2596 codicem
792 2557 852 2596 suat
865 2564 937 2612 opera
953 2548 1105 2596 mortalium.
1122 2545 1211 2593 Seneca
1220 2546 1295 2609 Epist.

256 2631 356 2694 vidisse,
373 2633 399 2680 in
416 2649 462 2698 quo
476 2634 591 2698 scriptum
608 2642 660 2681 erat
673 2633 759 2683 Araus
791 2634 846 2682 xct.
861 2634 1014 2681 Enumerare
1025 2630 1224 2691 omuessatorum
1239 2631 1296 2679 uiae

257 2734 301 2783 pro
315 2719 411 2780 amnis,
422 2735 474 2766 curn
492 2728 547 2767 nota
555 2722 620 2783 fluo.
638 2719 705 2768 Licet
717 2720 760 2767 rir-
793 2721 892 2784 longum
913 2727 966 2767 est:
988 2720 1031 2766 hoc
1044 2733 1119 2766 urium
1132 2719 1196 2764 ecio:
1215 2718 1296 2764 munia

258 2820 397 2852 nusrevera
413 2803 563 2870 quasdamin
577 2806 645 2854 alveo
661 2804 765 2853 subierit
795 2807 939 2853 mortalium
969 2820 1041 2869 opera
1069 2805 1225 2852 mortalitate
1253 2803 1296 2851 da·

259 2892 420 2953 mutationes,
454 2889 492 2938 vel
519 2891 603 2940 saltem
627 2892 653 2939 in
678 2892 763 2940 vicinis
794 2899 963 2939 maeatarum:
979 2891 1295 2955 interperituravivimus.

262 2975 451 3040 confluentibus,
477 2988 621 3026 nontamen
643 2976 703 3025 hanc
728 2977 763 3025 le·
796 2978 856 3026 Nota
871 2976 934 3026 illud
952 2979 1032 3026 arnoia
1048 2975 1112 3041 apud
1128 2959 1251 3038 Senecam,
1271 2985 1296 3024 et

263 3064 367 3110 ctionem
384 3079 498 3126 provere
516 3061 598 3111 habet.
798 3080 849 3112 meo
872 3064 978 3128 periculo
1000 3061 1042 3110 hic
1063 3049 1152 3110 scribe:
1178 3062 1297 3109 mortalia

291 3149 414 3196 Mortalia
419 3148 495 3209 faeta
504 3150 631 3212 peribunt.
644 3146 763 3213 Spondere
796 3156 885 3196 cuneta
895 3150 1030 3213 peribunt,
1048 3148 1145 3196 Nedum
1160 3161 1296 3194 sermonum

259 3232 306 3282 tihi
326 3234 417 3295 ausim,
440 3251 477 3282 me
496 3229 709 3283 inhonestissimam
729 3234 764 3282 la·
796 3242 848 3282 stet
865 3236 939 3282 honos
955 3241 981 3281 et
990 3237 1081 3299 gralia
1095 3234 1177 3280 viana.
1196 3228 1257 3294 Quid
1269 3231 1295 3278 in

258 3318 313 3368 bem
337 3335 366 3367 ex
391 3317 435 3366 hoc
459 3319 511 3367 loco
534 3318 709 3376 abstersurum;
736 3321 762 3369 in
796 3319 897 3384 singulis
909 3318 1065 3368 memorandis
1078 3318 1231 3373 mororIuno
1244 3332 1296 3363 rer-

261 3421 322 3472 qno,
346 3402 391 3450 nbi
410 3405 494 3451 Noster
512 3406 638 3470 magnifice
656 3416 681 3454 et
697 3423 765 3471 prae·
797 3404 841 3467 bo,
864 3414 950 3454 cuncta
972 3404 1082 3453 mortalia
1103 3392 1230 3468 peribunt3
1253 3418 1295 3450 ne·

260 3490 324 3539 clare
338 3490 429 3555 Regum
443 3507 515 3555 opera
529 3502 702 3554 enumerasset,
717 3491 762 3540 hoc
795 3490 851 3539 dum
867 3501 895 3539 ut
911 3507 1027 3539 sermones
1042 3490 1090 3538 sint
1108 3488 1208 3536 vivaces.
1227 3489 1295 3536 Mor·

259 3575 444 3642 epiphonemate
460 3629 464 3636 ,
478 3576 620 3625 sententiam
654 3576 763 3639 claudit,
797 3579 863 3625 talia
884 3587 965 3625 autem
986 3574 1095 3625 absolute
1117 3583 1142 3621 et
1158 3573 1225 3638 quari
1240 3571 1296 3622 sub·

219 3673 222 3678 ⁴
259 3663 378 3710 mortalia
380 3661 456 3722 sactu
461 3662 596 3725 peribunt,
607 3660 704 3710 Nedum
712 3678 763 3710 ser·
797 3663 899 3712 stantive
908 3663 1014 3728 ponitur,
1022 3657 1136 3723 utlirgil.
1146 3658 1294 3724 Eclogal'lll.

261 3761 359 3796 manum
375 3754 427 3795 stol
444 3748 518 3794 lroaos
533 3753 559 3793 et
571 3748 662 3811 gratia
678 3750 762 3797 viana.
796 3749 848 3797 Nee
868 3762 956 3796 aurare
977 3748 1057 3794 Deum
1077 3744 1159 3792 credie
1177 3747 1296 3794 mortalia

261 3830 329 3880 Belle
347 3849 417 3896 sane,
440 3829 586 3886 olibrariit
610 3831 721 3882 nimirum
737 3843 767 3882 ut
798 3849 947 3898 quemquam.
965 3841 991 3880 et
1003 3832 1060 3881 den.
1074 3831 1166 3892 nmo.
1182 3832 1248 3880 Sunt
1260 3833 1295 3880 la-

261 3916 392 3967 antithesis
413 3918 457 3968 illa
475 3928 573 3967 venuste
591 3929 674 3981 exeat,
688 3919 765 3980 facta
796 3922 889 3968 erimar
911 3934 993 3967 rarum
1014 3925 1041 3966 et
1055 3924 1160 3965 mentam
1177 3918 1295 3965 mortalia

264 4009 290 4049 et
302 4017 446 4052 sermonum.
465 4005 549 4052 Portus
575 4004 669 4069 inquit,
683 4005 766 4055 invitis
799 4012 914 4072 tangunt.
924 4003 1098 4053 Ouid-lictum.
1109 4004 1178 4065 XIII,
1189 4005 1228 4052 to.
1245 3999 1295 4052 Ad·

262 4085 372 4153 Neptuno
394 4098 418 4136 et
441 4088 535 4138 Tellure
561 4089 638 4152 iacti,
664 4090 764 4156 paludes
796 4094 909 4158 spiciunt
923 4092 1001 4139 oculis
1019 4092 1104 4155 superi
1121 4089 1239 4137 mortain
1254 4089 1294 4135 iu·
