3009 5000
151 448 155 458 '
224 458 265 523 28
485 465 697 528 uouarn
726 464 972 528 emerant

246 663 289 735 Et
310 661 564 738 iuvenum'ritu
587 666 709 740 florent
731 667 833 739 modo
857 675 935 738 nata
959 670 1143 765 virentque.

215 876 289 931 suat,
313 884 389 934 aeque
403 870 584 936 Auruncorum,
602 882 648 922 out
665 877 706 924 Si·
739 876 857 924 Sembite.
890 876 1010 922 samonis
1031 877 1133 939 publiea
1147 877 1231 937 sauna

215 971 344 1019 comm,
361 966 407 1005 aat
423 960 597 1025 Pelasgorum,
610 963 657 1011 ced.
668 978 707 1010 ae·
729 965 829 1027 *parcet
869 960 1006 1026 Metaphora
1029 961 1094 1009 haud
1123 960 1231 1012 dissimili

214 1046 281 1092 tatis
297 1061 355 1093 sacae
370 1049 451 1094 acriis
463 1049 541 1095 locati
556 1056 708 1097 sunt.-—
740 1046 883 1097 Dioscorides
899 1049 924 1095 in
940 1045 1093 1111 luthologia:
1119 1047 1229 1112 Αἰσχύ-

157 1127 161 1137 ’
214 1132 265 1181 Sea
278 1135 456 1197 antiquitatem
475 1136 524 1182 titt
534 1138 634 1199 plaeere
649 1139 702 1199 ais,
737 1135 781 1192 λος
799 1135 926 1193 ἓξὺψωσε,
943 1132 1121 1192 νοοσμὶλευτα
1141 1135 1230 1200 χαρά-

213 1221 276 1282 quad
295 1223 395 1270 honesta
417 1230 443 1270 ct
462 1224 520 1272 dona
541 1232 567 1272 at
581 1227 663 1272 sutria
679 1233 704 1273 et
736 1227 783 1282 ξας
807 1225 834 1274 Γ
834 1228 972 1292 pennata.
997 1233 1025 1271 ut
1049 1224 1171 1272 Bentleius
1199 1223 1230 1273 ad

213 1308 321 1355 umdesta
350 1311 405 1356 sit:
436 1310 491 1356 viae
515 1326 573 1375 ergo
596 1313 704 1359 moribus
735 1292 808 1359 huius
833 1311 951 1376 Epistulae
972 1328 1006 1359 vs.
1026 1312 1082 1359 441.
1107 1314 1228 1376 ingeniose

208 1394 375 1456 praeteritam
392 1395 487 1457 loquere
500 1399 705 1462 aerdispraosaa·
737 1400 848 1447 correxit.
866 1397 931 1461 Quod
952 1415 1024 1463 quum
1046 1397 1116 1463 plane
1138 1409 1230 1449 coutra-

210 1479 297 1538 ta'dus;
311 1485 385 1541 atque
399 1482 441 1543 id,
455 1484 518 1544 quod
531 1500 547 1531 a
561 1485 588 1532 U.
603 1486 705 1533 Caesare
737 1486 799 1532 rium
815 1487 846 1531 sit
859 1485 907 1545 rei,
931 1482 960 1532 de
977 1500 1023 1550 qua
1038 1485 1148 1533 Horatius
1164 1488 1228 1551 egit,
1281 1521 1283 1524 -

212 1565 243 1611 u'n
258 1566 343 1627 primo
364 1566 393 1614 da
412 1567 537 1633 Analogia
558 1571 620 1618 libro
641 1571 703 1617 seri-
718 1549 883 1617 'inserendam
904 1579 963 1633 puto
981 1570 1121 1634 particulam
1137 1573 1229 1636 negati-

208 1657 283 1713 ptum
299 1658 350 1713 est,
367 1653 425 1700 liade
439 1668 534 1717 semper
549 1655 705 1702 inmemorem
730 1670 802 1702 ,vamt
828 1655 905 1701 licuit
920 1669 1057 1724 semperque
1078 1657 1163 1704 licata
1187 1658 1229 1704 St·

213 1744 286 1800 atqua
301 1739 331 1785 a'a
340 1746 453 1803 pectore,
470 1748 500 1788 ut
516 1750 638 1805 tamquam
654 1758 703 1790 sca
732 1748 840 1807 gnatum
861 1741 926 1788 haud
941 1749 1073 1804 praesente
1094 1750 1152 1790 nota
1171 1758 1229 1806 pro-

207 1825 309 1888 palum,
331 1825 478 1890 sio‘fugo'as
498 1828 642 1875 inauditum
666 1835 705 1875 at·
736 1829 823 1875 cudere
834 1843 926 1876 nomeu.
941 1829 1018 1876 liciat
1031 1844 1123 1891 semper
1137 1838 1160 1876 et
1171 1846 1231 1877 sem-

214 1925 259 1973 que
271 1913 380 1958 insolens
392 1913 497 1959 verdum.
511 1911 593 1974 Vides,
607 1913 703 1976 opinor,
737 1929 780 1976 per
787 1910 871 1959 licebit
881 1929 941 1959 nova
948 1929 1026 1959 rerum
1036 1915 1130 1960 uomina
1141 1914 1228 1978 facere,

211 1996 284 2045 verba
295 2005 426 2060 praeamata
442 2007 498 2044 nota
514 2000 619 2062 signata,
633 1994 705 2044 verba
737 2013 798 2061 quae
820 1996 919 2044 antchac
940 1999 1060 2061 incognita
1081 2007 1106 2046 et
1121 2000 1229 2050 inaudita

211 2085 359 2147 praesentia,
382 2099 430 2131 esse
451 2080 537 2144 verba,
559 2098 606 2129 nou
626 2097 702 2143 nova,
737 2084 921 2144 erent,nomina
938 2093 1045 2130 monetae
1061 2101 1107 2131 nou
1119 2102 1229 2150 praeseu-

212 2168 254 2217 oed
274 2163 390 2234 cognita,
413 2177 438 2215 et
459 2168 576 2215 communi
600 2183 645 2214 usu
666 2184 703 2214 re·
736 2167 781 2228 tis,
799 2183 868 2232 quam
885 2184 994 2231 praesens
1010 2180 1074 2219 aetas
1089 2173 1191 2236 ignorat.

211 2266 281 2321 cepta
296 2273 322 2304 ae
338 2258 451 2322 vigentia.
467 2256 561 2318 Omnia,
576 2254 703 2320 quaeBen·
771 2255 803 2301 Ut
819 2256 897 2302 siloae
904 2255 983 2315 foliis
994 2273 1086 2320 manos
1097 2267 1228 2307 mutantur

211 2343 284 2391 tleius
307 2341 392 2405 affert,
419 2343 528 2407 exempla
551 2340 596 2389 hoc
620 2342 704 2389 confir·
735 2341 765 2388 in
778 2357 861 2389 anuos.
877 2343 982 2391 lusolens
994 2346 1101 2409 profecto
1114 2346 1228 2413 loquendi

211 2441 284 2480 mant.
305 2432 350 2495 Qui
366 2430 430 2496 apud
444 2429 609 2497 Symmachum
625 2444 704 2477 moue·
736 2429 1228 2498 genus,siloaefotiismutantur;quod·
1269 2466 1275 2476 ,

211 2526 264 2567 tam
290 2520 407 2566 Tulliana
434 2518 523 2564 incude
543 2518 644 2579 finatt,
680 2518 702 2564 is
733 2533 780 2581 que
796 2514 877 2577 nullo,
899 2526 927 2562 ut
944 2519 1041 2581 opinor,
1059 2520 1167 2585 exemplo
1184 2520 1228 2568 de·

211 2607 282 2654 finxit
303 2621 368 2668 eam,
395 2620 455 2669 quae
480 2613 537 2652 tune
560 2620 620 2651 nova
641 2612 699 2651 erat.
734 2602 801 2650 feudi
822 2612 864 2649 aut
889 2604 996 2652 excusari
1019 2614 1105 2669 potest.
1133 2604 1161 2653 lu
1182 2604 1227 2652 hac

211 2692 370 2757 Quintilianus
400 2690 547 2740 commendat
574 2707 703 2740 sermonem
736 2692 909 2738 constructione
923 2690 1020 2754 legerim
1037 2691 1129 2755 potius,
1146 2701 1227 2739 muta-

210 2789 367 2843 conmotam,
383 2780 526 2848 publicam,
552 2778 594 2827 alii
616 2795 702 2826 sermo-
734 2779 799 2825 tione
816 2777 927 2839 minima,
947 2778 980 2824 Ut
995 2779 1074 2825 siloae
1081 2777 1161 2837 foliis
1168 2793 1228 2841 pro·

210 2884 265 2916 uem
284 2868 399 2931 publicae
421 2871 544 2926 monetae,
569 2866 704 2912 eommunia
735 2879 780 2910 nos
800 2863 926 2910 nudantur
946 2864 977 2910 ia
995 2880 1080 2912 anuos.
1101 2863 1180 2911 Cicero
1201 2866 1227 2913 iu

211 2961 336 3015 maeatae,
358 2952 422 3018 quod
444 2953 506 3001 idem
528 2960 563 2999 est
586 2968 612 2999 ao
628 2965 704 3014 prae·
735 2951 840 2999 Arateis:
863 2951 997 2998 Denudant
1009 2951 1089 3011 foliis
1104 2967 1187 3000 ramos
1200 2959 1227 3000 ct

211 3043 293 3089 sonmo
312 3047 435 3103 maeatae,
452 3040 597 3104 praesentis
617 3046 697 3087 motae.
730 3040 821 3087 cortice
838 3046 944 3087 truncos.
960 3037 1102 3087 Claudianus
1118 3038 1146 3087 de
1160 3039 1226 3087 Bello

211 3130 282 3188 Plane
293 3138 320 3175 ut
333 3125 448 3176 Lucienus
461 3125 633 3192 inLexiphane
643 3127 669 3174 T.
678 3127 698 3174 l.
731 3127 813 3174 Getico
833 3133 857 3175 a.
873 3128 928 3174 loo.
954 3126 1063 3190 Frigida
1086 3132 1126 3172 ter
1144 3125 1225 3173 decim

212 3212 249 3262 ed.
266 3213 348 3261 Graev.
362 3229 417 3277 pag.
427 3214 483 3260 83ss.
497 3210 645 3276 Lexiphaues
657 3209 701 3259 ha·
731 3210 851 3258 nudatum
855 3209 990 3270 fronditum
1000 3213 1119 3260 Haemum
1134 3214 1226 3260 Tendit

210 3300 253 3351 bet
265 3299 329 3348 hune
344 3298 464 3348 morbum:
486 3301 556 3363 ἡμᾶς
572 3299 636 3356 τοὺς
651 3300 702 3348 νῦν
734 3300 813 3346 hienis
829 3300 921 3346 aestate
934 3300 1001 3363 gelu.
1024 3300 1105 3348 Senec.
1127 3300 1224 3365 llippol.

211 3388 441 3458 προσομιλοῦντας
459 3388 624 3447 καταλιπὼν,
649 3391 700 3455 πρὸ
734 3391 789 3438 aaa.
810 3390 913 3436 Utnuae
928 3403 1002 3436 canae
1009 3388 1115 3452 frigora
1128 3388 1225 3434 mmao

212 3477 304 3543 χιλίων
334 3475 400 3524 ἐτῶν
425 3476 490 3539 ἡμῖν
524 3474 700 3539 decollatum,
731 3475 835 3524 Nudent
849 3478 944 3523 adeas:
968 3491 1032 3522 uuae
1048 3475 1158 3522 arbustis
1174 3474 1225 3521 lte-

211 3561 378 3628 διαστρέφων
410 3564 462 3625 τὴν
494 3559 619 3622 γλῶτταν
654 3561 701 3609 καὶ
733 3561 808 3609 deaaot
822 3563 928 3610 umbrae.
945 3551 1142 3626 Severus,'poeta
1155 3561 1226 3609 Chri-

211 3650 295 3701 ταυτὶ
326 3650 361 3697 τὰ
388 3645 523 3695 ἀλλόκοτοι
549 3646 703 3704 συντιθεὶς,
737 3648 842 3710 atiauus:
871 3648 949 3705 Quam
964 3648 1053 3694 multis
1064 3648 1144 3708 foliis
1159 3650 1225 3697 siloa

212 3740 259 3789 uui
276 3735 398 3800 σπουδὴν
414 3733 572 3792 ποιούμενος
588 3730 629 3781 ἐπ’
649 3733 702 3782 αὐ·
734 3734 878 3782 cadentibus
897 3734 1027 3797 Nudatur,
1045 3736 1142 3800 gelidis
1157 3743 1225 3784 tacta

212 3832 283 3883 τοῖς,
310 3822 343 3882 ὡς
365 3823 401 3889 δή
421 3841 448 3872 τι
471 3822 540 3885 μέγα
563 3820 609 3878 ὃν,
632 3818 658 3870 a'u'
675 3838 703 3869 το
735 3823 899 3884 aquiloniam.
920 3820 1051 3870 Veleadem
1064 3840 1225 3888 pmrsusseu-

212 3913 324 3976 ξενίζοι,
351 3912 397 3960 nul
417 3912 634 3976 adguaasauaudc
654 3912 703 3973 τῆς
734 3910 810 3956 tentia
823 3908 935 3973 legerim,
948 3905 997 3957 levi
1009 3911 1067 3957 item
1080 3913 1223 3974 mutatione,

213 4005 298 4065 φωνῆς
322 4000 502 4068 augustanos.
529 4009 553 4046 et
569 3995 633 4046 aad.
654 3997 705 4045 lrt.
742 3995 775 4042 Ut
794 3998 873 4043 siloae
887 3996 967 4057 sotiis
980 4012 1072 4060 pronos
1088 3997 1226 4045 viduantur

212 4089 288 4138 Amat.
311 4087 429 4134 uitta:
449 4086 545 4134 Mandu
559 4085 603 4134 aed
619 4100 633 4132 e
655 4099 704 4131 me·
734 4085 764 4130 in
772 4100 856 4132 aanor.
866 4084 973 4132 Planeut
981 4084 1063 4132 Noster
1070 4084 1222 4146 Garm.,il,li.

214 4176 271 4238 dio,
299 4179 458 4234 commotaque
489 4173 579 4234 verda,
606 4170 704 4234 puellae
735 4168 789 4218 Aut
800 4168 879 4228 foliis
900 4168 1036 4217 adunatur
1053 4171 1117 4218 orni.
1141 4167 1225 4234 Virgil.
