3009 5000
480 514 486 518 ·
539 490 847 551 0102150008.
1145 484 1202 545 les

163 710 166 715 ·
188 692 328 765 valdius
349 691 496 763 oblectat
515 691 684 787 populum
710 690 900 783 meliusque
923 695 1096 778 moratur,
1116 696 1198 758 321.
1268 668 1274 679 ’

186 812 298 900 Quam
327 834 443 881 versus
472 812 587 905 inopes
608 833 721 879 rerum
745 831 923 902 nugaeque
942 829 1094 878 canorae
1118 815 1198 877 322.

187 930 235 1001 Ex
255 937 336 1001 noto
357 929 477 1000 lictum
498 952 632 999 carmen
656 951 796 1021 sequar,
823 934 862 996 ut
883 924 1081 1019 sihi'quivis
1116 933 1197 995 240.

188 1050 309 1143 Speret
325 1048 428 1139 idem,
449 1047 547 1118 sudet
563 1047 730 1137 multum,
752 1044 946 1137 frustraque
966 1040 1096 1113 lahooet
1116 1051 1199 1114 241.

175 1167 301 1243 ‚Ausus
320 1166 424 1237 idemz
447 1174 581 1236 tantum
601 1167 701 1236 series
721 1165 945 1257 iuncturaque
966 1161 1090 1256 pollet!
1118 1172 1208 1233 242.-

187 1287 333 1357 Tantum
357 1282 401 1355 de
424 1283 534 1355 medio
559 1284 679 1355 sumtis
703 1281 839 1355 accedet
862 1279 1027 1356 honorisl·
1116 1290 1198 1352 243.

655 1471 740 1550 'Vll

186 1639 280 1710 Tibia
298 1662 387 1730 non,
404 1648 444 1710 ut
461 1662 572 1729 nuuc,
591 1639 760 1709 orichalco
779 1640 906 1728 vincta,
926 1634 1096 1729 tubaeque
1118 1644 1198 1705 202.

184 1748 344 1848 Aemula,
365 1756 423 1828 sed
440 1759 550 1828 tenuis
567 1757 777 1852 simplexque
795 1754 956 1826 foramine
970 1776 1098 1847 pauca,
1117 1762 1199 1824 203.

187 1875 368 1970 Adspicere
392 1886 427 1945 et
451 1876 574 1946 adesse*
589 1876 700 1946 choris
725 1882 797 1945 erat
822 1874 934 1962 utilis,
952 1880 1062 1965 etque
1121 1880 1202 1942 204.

185 1992 343 2066 Nondum
357 1974 478 2089 spissa*
494 1996 594 2065 nimis
615 1993 784 2088 complere
806 1991 919 2062 sedilia
939 1988 1053 2076 0100ος-
1105 1988 1200 2060 205.

85 2180 87 2183 .
184 2113 261 2201 Quo
283 2134 362 2194 saue
386 2114 537 2208 populus
561 2112 798 2201 numerabilis,
825 2118 943 2204 utpote
965 2131 1090 2205 parvus
1116 2118 1198 2179 206.
1242 2134 1244 2137 ’

184 2230 227 2301 Et
247 2230 355 2325 frugi,
380 2242 560 2325 castusque
584 2230 880 2322 verecundusque,
906 2227 1028 2299 coibat.
1116 2222 1199 2297 207.

176 2469 221 2519 qao
232 2470 324 2521 param
337 2455 477 2521 0000000000
491 2456 624 2519 hebetaret,
638 2456 677 2504 Et
704 2463 834 2520 postquam
846 2452 994 2516 audierant,
1012 2452 1071 2516 qaia
1087 2466 1135 2498 000
1148 2452 1208 2498 tneo

175 2543 232 2590 sine
250 2543 357 2607 pondere
379 2549 468 2604 00000,
491 2550 517 2589 00
533 2527 620 2590 toruo
635 2544 675 2590 ia·
707 2523 822 2590 iudicaret
843 2556 895 2590 0000
912 2542 974 2602 itta,
996 2540 1040 2587 sed
1063 2553 1129 2587 vera.
1162 2536 1218 2585 Ubi

174 2628 252 2693 digua
260 2628 394 2690 ferrentur,
415 2628 489 2675 Vario
504 2644 597 2676 movero
616 2630 672 2676 locs.
706 2626 856 2676 scribendum
873 2635 944 2692 putes
971 2625 1041 2689 Non,
1067 2625 1127 2687 qaia
1148 2624 1209 2671 0000

174 2713 314 2761 Conferatur
334 2714 437 2778 cuperus
454 2715 479 2761 in
495 2713 588 2762 Observ.
606 2714 630 2776 l,
647 2727 673 2762 11.
707 2714 824 2760 iudicaret
840 2728 892 2760 esse
910 2714 970 2773 illa,
993 2712 1037 2759 sed
1050 2726 1116 2759 vera.
1142 2708 1208 2757 ldem

209 2798 287 2855 Quom
299 2814 385 2846 versas
394 2802 479 2863 e'aopes
489 2815 572 2847 000000
584 2815 677 2865 nugae-
709 2799 755 2860 XI,
772 2811 802 2859 11,
819 2799 859 2845 02.
876 2796 1052 2846 Aiiisisrodum
1065 2797 1142 2843 stiam
1156 2796 1207 2843 its·

174 2898 221 2947 que
233 2899 342 2933 00000000.
357 2884 435 2932 Cicero
450 2883 478 2931 de
495 2884 673 2948 Oratooelfw.
708 2886 775 2931 viter
788 2882 902 2945 videtur,
917 2881 1208 2944 quodfersdicsrtdioir-

176 2969 245 3028 Quis
256 2976 294 3016 est
307 2971 373 3016 enim
387 2968 587 3032 tamsariosum,
601 2985 673 3032 quam
707 2976 774 3017 00000
792 2968 979 3016 diversissimo
994 2967 1133 3014 nanceium
1148 2981 1206 3014 0000

175 3056 300 3103 salmam
313 3056 353 3102 vel
362 3056 509 3118 optimorum
521 3062 593 3118 atqres
604 3071 673 3102 0000-
705 3063 828 3103 necatores
851 3055 970 3115 habeant,
996 3053 1040 3100 ssd
1061 3053 1091 3099 00
1114 3052 1207 3100 iisdem

174 3141 329 3190 tissimorum
355 3142 453 3188 sonitus
476 3142 577 3203 inanis,
602 3142 672 3188 00010
701 3156 775 3204 saepe
791 3140 937 3188 1000100000.
955 3137 1021 3185 Nam
1044 3137 1129 3186 Oisero
1149 3152 1206 3201 quo·

174 3228 285 3276 subiecta
299 3227 426 3274 scatentia
439 3242 481 3286 noc
495 3228 611 3275 00000000.
706 3226 761 3273 dam
776 3227 824 3273 loos
837 3225 940 3285 scribit,
956 3223 987 3271 id
1001 3238 1053 3271 esse
1070 3224 1204 3287 optimine,

208 3315 297 3377 Sperat
312 3312 395 3373 idem,
405 3312 477 3359 sudat
486 3314 604 3374 maltum,
610 3312 671 3373 fne-
703 3312 766 3374 qood
777 3327 832 3358 0000
848 3319 874 3358 00
883 3309 965 3370 facile
978 3309 1115 3357 credideris
1124 3325 1206 3358 00000·

174 3405 274 3462 straqns
288 3399 387 3445 1000000.
404 3397 504 3461 Quintil.
519 3398 668 3446 Institutas.
703 3398 748 3460 qui
771 3397 930 3457 imitatione,
956 3396 1113 3459 anapestis.
1146 3396 1206 3445 Alis

175 3485 205 3533 lv
214 3521 222 3547 ,
238 3499 269 3547 n,
283 3486 324 3534 38.
350 3485 412 3531 Rern
428 3483 541 3530 indicare
556 3484 676 3531 amnonis
708 3483 779 3543 vero,
796 3498 844 3529 000
861 3497 887 3529 se
905 3481 936 3529 id
950 3482 1049 3546 egisse,
1066 3488 1097 3529 00
1111 3482 1153 3529 ita
1168 3480 1207 3528 sli-

175 3571 320 3634 quotidiani
336 3577 362 3617 et
380 3570 409 3615 iu
428 3583 588 3631 quemcunque
601 3570 678 3615 stiam
698 3575 796 3630 aeret,
820 3566 932 3629 quomodo
955 3582 981 3615 00
1007 3567 1113 3630 quilibet
1133 3581 1208 3631 posse

176 3656 331 3705 indoctorum
368 3654 495 3703 cadentis
512 3655 675 3702 seistiraant:
707 3654 852 3716 oosyidsrct,
869 3653 913 3701 scd
927 3653 1040 3716 quomoda
1055 3668 1140 3702 nemo..

176 3756 230 3787 0000
245 3742 367 3803 interim,
384 3739 446 3803 qaod
462 3746 583 3801 tamquam
591 3739 674 3800 facile
739 3742 847 3788 Tantam
863 3739 892 3787 ‹ls
907 3738 987 3786 medio
1002 3739 1094 3785 0000000
1110 3736 1207 3785 medat

174 3833 348 3888 0000000000,
362 3827 475 3888 meaios,
487 3832 618 3888 praestare
628 3827 675 3872 mi·
706 3828 817 3875 0000000..
828 3824 990 3889 Quintilianus
998 3823 1024 3872 in
1037 3823 1143 3871 institut.
1153 3822 1207 3871 Ora·

114 3918 116 3921 '
175 3927 224 3959 000
237 3912 330 3971 velint,
347 3926 380 3957 00
390 3911 499 3975 possint.
510 3911 595 3972 Neque
608 3912 673 3957 enim
706 3911 893 3973 tor.l',v11,3l.
915 3910 998 3957 Vertis
1014 3925 1085 3972 qaam
1097 3910 1207 3957 monierus

176 3996 249 4043 aliud
260 3997 447 4059 ineloquentia,
461 4003 549 4043 000000
562 3997 672 4060 experti,
706 4012 736 4043 00
751 3995 830 4042 medio
845 3987 950 4057 samiis,
967 4002 1010 4056 00,
1027 3997 1072 4057 qai
1086 4003 1212 4060 rogatur,

177 4082 309 4146 dffcilias
324 4082 461 4146 reperient,
476 4082 603 4143 qoomid,
617 4081 679 4143 qaod
708 4081 855 4145 intelligat,
883 4087 929 4129 000
954 4095 984 4128 ns
1012 4082 1156 4148 intelligere
1180 4096 1207 4130 se
1245 4125 1250 4134 ,

178 4184 205 4215 00
229 4168 339 4216 dicturos
353 4166 439 4227 saissa
463 4182 543 4215 000000
561 4173 673 4231 patant,
706 4172 787 4231 neget.
873 4149 877 4158 ⁴
