3009 5000
282 452 341 514 114
544 444 757 507 HOllATll
787 439 1031 503 trlsrota
1123 385 1126 391 =

310 675 358 745 Ne
377 668 493 742 dicam
515 669 634 757 stulte,
659 664 788 749 mirati,
813 660 961 731 simodo
986 683 1050 754 ego
1075 667 1110 730 et
1134 670 1207 728 vos¹

191 930 195 936 ·
279 897 361 946 nostri
380 896 472 962 proavi
486 908 571 959 magna
586 888 775 939 eirourureniunt
806 892 835 932 ut
850 886 909 933 scias
924 881 1107 948 quobominunr
1120 884 1184 945 risu,
1200 896 1247 947 quo
1262 895 1305 927 suo

284 979 437 1031 incommoda.
469 979 561 1044 Quippe
578 976 681 1024 omnium
697 990 722 1020 se
741 988 779 1019 ea-
810 979 906 1034 stupore
930 970 1013 1017 nostri
1028 971 1120 1033 proavi
1143 967 1250 1016 dicturus
1264 963 1306 1013 bie

283 1066 377 1116 chinnis
392 1066 538 1131 exposuisset
560 1062 659 1123 Noster,
676 1060 698 1108 si
712 1066 780 1123 patre
813 1065 874 1103 esset
888 1055 999 1110 Flaccum
1017 1053 1071 1102 vide
1086 1054 1154 1102 modo
1169 1053 1262 1118 lepisti
1272 1049 1307 1098 lo-

282 1151 413 1215 libertino,
431 1145 661 1208 bomineGraeoulo,
676 1153 706 1192 ut
714 1143 781 1208 equi·
812 1130 904 1190 eumin
919 1139 975 1187 caro
988 1156 1040 1204 cap.
1058 1141 1082 1188 4.
1096 1138 1154 1201 ubi,
1170 1147 1252 1187 eontra
1269 1152 1308 1184 eos

283 1238 338 1287 dem
352 1247 425 1304 puto,
446 1235 485 1285 vel
500 1234 558 1300 Syro
582 1232 644 1280 forte
666 1238 708 1278 aut
722 1229 781 1275 Afro
812 1228 855 1292 qui
870 1226 952 1273 Garum
964 1223 1161 1273 Mediolanensem
1174 1225 1247 1272 fuisse
1260 1231 1309 1269 tra·

282 1333 366 1385 natus,
390 1328 487 1369 nostras
502 1332 609 1382 proavos
628 1330 671 1363 seu
684 1316 780 1362 incaute
813 1310 933 1373 diderint,
950 1312 1021 1374 Ipse,
1045 1311 1138 1374 inquit,
1159 1317 1188 1357 ut
1210 1306 1310 1373 epistola

272 1411 329 1457 ‘sive
338 1407 439 1472 gloriose
447 1403 558 1453 dixisset:
573 1402 641 1467 quasi
650 1396 781 1465 ipsePaul-
813 1397 870 1444 eius'
885 1393 989 1457 indicat,
1013 1393 1130 1441 Romanus
1149 1392 1203 1442 vult
1223 1392 1309 1442 videri.

280 1494 320 1542 lus
339 1491 379 1540 rel
400 1488 508 1539 Messalla
522 1487 562 1536 rel
583 1484 711 1550 Pompilius
726 1499 779 1532 san·
810 1478 885 1529 Verba
898 1480 1023 1545 ,epistolae
1047 1488 1115 1527 sunt:
1142 1480 1254 1526 Maiores
1268 1492 1311 1525 ao·

282 1578 337 1643 guis
361 1584 431 1625 estete
463 1572 491 1622 ld
505 1570 651 1640 quodolim
666 1569 782 1622 lictorius
813 1567 877 1627 stri,
894 1566 1001 1613 Rotnani
1014 1564 1060 1612 ilii
1069 1565 1260 1628 princepieseet.
1281 1563 1312 1609 Et

279 1661 457 1726 ·Lambinusque
467 1668 531 1710 reeta
539 1655 683 1705 iudicarunt.
696 1655 784 1701 Atma-
815 1667 883 1713 mox,
896 1651 946 1699 Fae
960 1650 1187 1714 igitarmaiaribaa
1201 1649 1312 1709 nostris,

280 1765 346 1797 num
353 1744 572 1797 iniirit'l'lieodorns
578 1740 710 1802 Marcilius,
723 1740 779 1804 qui,
814 1738 844 1785 id
855 1744 894 1784 est
906 1737 1026 1784 Bouiania
1037 1751 1085 1783 aaa
1096 1735 1261 1798 discrepemus
1272 1734 1313 1780 ei-

279 1849 425 1899 perperam,
457 1833 506 1894 ait,
538 1841 664 1878 eorreaere
693 1826 780 1874 vestri:
813 1824 868 1871 ris:
891 1821 922 1869 nd
937 1837 998 1887 qaue
1012 1822 1138 1887 Vopiscus,
1158 1821 1244 1883 Vides,
1261 1819 1312 1881 ait,

281 1935 341 1967 aare
357 1919 410 1966 ciri
424 1924 451 1965 et
466 1914 584 1979 equitiae
600 1912 698 1959 tribano
712 1909 783 1977 mili-
814 1907 876 1970 qaod
889 1913 942 1954 tata
958 1908 1064 1970 epistola
1078 1908 1185 1954 maiores
1194 1921 1252 1954 aeas
1264 1905 1313 1953 lia-

283 2004 393 2064 tamfas
413 2008 469 2050 erat
489 2002 572 2048 disere
592 1992 668 2045 nostri
688 1994 782 2059 proavi3
816 2007 900 2039 manas
917 1993 972 2039 aalt
986 1992 1111 2056 intelligi.
1135 1992 1197 2054 Hoc,
1213 1992 1311 2056 opinor,

281 2070 484 2152 quarentena
508 2085 615 2143 Seneca,
641 2093 784 2142 qrramqaam
816 2075 939 2140 exemplo,
956 2077 977 2123 si
986 2070 1087 2124 'nostros
1096 2090 1202 2140 proavos
1216 2076 1312 2123 Florem

281 2172 496 2237 Ileritigeaeris,
512 2169 599 2218 nostris
606 2162 734 2214 maioribus
742 2164 781 2212 di·
812 2161 955 2227 appellasset
973 2161 1016 2226 qui
1032 2161 1090 2209 olim
1108 2163 1135 2210 in
1155 2177 1225 2209 scena
1243 2159 1313 2208 Plau·

280 2261 333 2308 ait.
349 2257 437 2323 Atqui,
453 2272 467 2303 o
486 2253 562 2314 bone,
583 2268 631 2299 non
643 2251 724 2301 vestri
738 2246 781 2296 sed
815 2249 877 2297 tinas
893 2244 996 2294 fabulas
1008 2244 1119 2295 admirati
1135 2256 1206 2308 sunt,
1226 2246 1312 2310 utique

204 2372 205 2375 ¹
282 2343 345 2395 illud
354 2354 424 2393 taum
431 2334 717 2403 austriacorreetoribus
730 2343 779 2392 est3
812 2334 919 2380 aeaiores
939 2347 997 2380 saeos
1012 2333 1132 2380 Raneanos
1145 2331 1259 2380 voluisset
1276 2332 1314 2378 in·

282 2448 337 2480 eum
353 2439 378 2478 et
393 2428 478 2492 scripti
492 2424 550 2474 libri
566 2433 591 2471 et
609 2423 719 2486 primitus
732 2420 784 2467 eusi
815 2417 904 2481 telligi.
920 2415 967 2464 Sed
981 2425 1056 2464 totam
1075 2404 1137 2464 lianc
1152 2417 1313 2482 quaestionem

280 2519 491 2583 priusagnoscant.
508 2509 610 2557 Senecae
624 2522 681 2554 vero
691 2503 783 2552 dietum
814 2510 843 2549 ut
866 2500 977 2549 inutilem
997 2498 1112 2549 rescindit
1127 2501 1258 2549 Daeierius:
1275 2502 1314 2549 ni·

282 2601 331 2649 hue
347 2596 500 2665 pertrahere,
517 2603 542 2640 et
554 2601 639 2655 utprr
654 2587 692 2638 vel
704 2586 782 2635 simile
814 2587 900 2643 mirum
923 2586 1006 2632 nostri
1030 2583 1157 2648 legendum
1182 2602 1243 2642 esse3
1264 2602 1313 2634 non

284 2681 342 2734 huie
362 2695 508 2750 proponere,
533 2679 601 2726 euim
625 2684 661 2722 est
676 2671 782 2722 iudicii?
813 2680 893 2719 umen
921 2670 1013 2718 Horatii
1038 2668 1115 2733 hoec,
1140 2669 1182 2719 sed
1205 2672 1314 2719 Pisonum

284 2772 359 2837 Epist.
372 2766 423 2817 lad
429 2765 563 2815 Lucilium:
583 2763 621 2810 ilo
630 2766 712 2809 tamen
718 2759 783 2806 mala
815 2772 864 2804 esse
879 2752 967 2817 rerba,
984 2756 1027 2820 qui
1042 2757 1122 2819 priora
1134 2755 1179 2804 illu
1192 2755 1222 2805 de
1236 2773 1314 2806 exem·

283 2870 367 2904 saras
383 2861 440 2915 tea,
457 2857 483 2899 at
499 2850 556 2897 boae
570 2854 675 2910 ternpore
691 2845 786 2892 atiin-
818 2838 925 2906 pluribus
956 2840 1050 2888 Graecis
1080 2841 1214 2891 evolvendis
1236 2843 1314 2908 impu·

282 2942 380 3007 eipias:
397 2954 468 2999 mm,
485 2942 516 2984 at
530 2935 612 2982 visam
632 2937 672 2979 ost
683 2930 786 2976 maieri-
817 2936 904 2992 grant:
921 2924 1009 2991 quibus
1026 2925 1069 2974 ille
1091 2929 1203 2975 continuo
1218 2944 1314 2992 respon·

283 3025 450 3086 basaastris,
466 3012 782 3085 seraparsimoaiaiafim·
814 3010 865 3074 det,
889 3011 1005 3059 Nimiam
1024 3013 1156 3075 patienter
1175 3021 1313 3077 aetatemque.

285 3113 316 3161 do
329 3118 376 3159 est.
391 3110 492 3173 Quinam
507 3105 548 3154 hie
563 3096 689 3151 maiores?
706 3114 736 3147 an
749 3096 786 3146 di·
817 3098 893 3161 ttque
912 3096 1068 3145 hardenum
1089 3099 1133 3147 ille
1148 3109 1218 3165 paeto
1231 3099 1314 3147 miram

278 3206 350 3244 ‘etum
358 3194 404 3242 hoe
418 3199 501 3252 retus,
518 3184 655 3239 exllesiodo
672 3182 784 3245 ductum,
816 3177 933 3247 quandam
954 3180 1011 3230 huie
1035 3182 1086 3231 loeo
1102 3200 1211 3232 venerem
1226 3200 1315 3232 accres-

284 3279 315 3330 ad
330 3278 392 3328 solos
404 3280 525 3326 Iimeaaas
539 3269 674 3323 attinebat?
688 3281 783 3330 verum,
817 3282 869 3314 cere
886 3275 963 3332 putat.
981 3266 1054 3316 Suum
1069 3269 1161 3317 scilieet
1176 3269 1262 3334 cuique
1279 3277 1315 3317 est

283 3373 334 3415 esto
347 3373 376 3412 ut
391 3362 422 3411 ad
438 3378 477 3410 eos
492 3359 566 3408 solos:
582 3357 684 3417 Senem,
701 3363 729 3402 ut
742 3370 784 3401 na·
815 3349 940 3400 indicium.
956 3351 1014 3399 Nam
1032 3353 1095 3418 quod
1107 3353 1165 3402 buis
1178 3363 1227 3401 tam
1241 3368 1316 3401 venu-

282 3463 335 3500 tum
352 3457 401 3512 est,
420 3447 524 3512 equestri
539 3458 625 3509 genere
643 3449 679 3489 est
699 3449 780 3500 ortus,
813 3446 876 3484 stum
897 3445 947 3499 est,
973 3454 987 3485 a
1010 3438 1101 3512 Griiolo
1122 3439 1178 3486 olim
1195 3441 1316 3505 excogita·

283 3533 420 3597 Cordubae,
434 3531 538 3581 coloniae
551 3527 638 3577 veteris
650 3525 782 3586 Romanae,
815 3531 881 3584 tam,
889 3522 1167 3580 lictoriotduriusculum
1175 3525 1252 3572 risum
1264 3534 1314 3588 est,

284 3621 316 3672 ob
333 3622 463 3686 primorum
479 3615 613 3664 colonorum
632 3609 785 3660 nobilitatem
816 3606 869 3655 lar.
891 3608 957 3657 leet.
979 3608 1033 3669 XV,
1051 3610 1090 3656 13.
1115 3607 1180 3656 lade
1195 3624 1268 3671 vero,
1294 3611 1321 3666 si¹

286 3707 401 3756 Patriciae
415 3701 605 3769 cognominatam
623 3704 652 3743 ut
668 3693 731 3742 nibil
743 3690 786 3740 ob·
817 3692 870 3754 vis,
887 3702 912 3741 et
924 3691 1130 3741 nbsmdiuseulum
1142 3693 1229 3753 videri;
1247 3711 1316 3761 prae-

286 3803 350 3855 stet,
367 3792 426 3857 quin
441 3788 542 3836 Senecae
555 3784 654 3831 maiores
666 3778 706 3828 uel
719 3778 787 3826 alle·
819 3786 857 3826 ter
873 3786 952 3826 cetera
973 3779 1048 3840 enim,
1069 3794 1130 3843 quaa
1151 3780 1236 3844 mitto,
1260 3779 1316 3829 vida

286 3878 357 3944 gibus
376 3891 451 3942 usque
467 3870 566 3921 Romani
586 3867 686 3916 suerint.
719 3863 787 3911 llune
818 3862 886 3911 modo
901 3862 957 3925 illa,
971 3879 1032 3928 quae
1049 3873 1193 3930 aequuum„
1209 3867 1316 3914 „emim

286 3973 316 4010 tu
324 3965 350 4011 in
363 3961 469 4010 familiae
477 3956 614 4024 quaestione
629 3951 712 3999 Nostro
725 3963 787 3997 eom·
814 3949 945 4011 patienter
955 3955 1086 4011 atramque
1096 3950 1138 3998 Ne
1151 3951 1317 3999 &mmmm

288 4064 370 4114 paras,
385 4048 441 4112 qui,
458 4045 536 4093 nattis
550 4039 687 4088 neeman
702 4041 786 4095 ortas,
818 4035 923 4110 arisati:
937 4035 963 4081 si
978 4034 1046 4082 modo
1061 4050 1105 4100 ⁰8⁰
1120 4042 1147 4082 et
1161 4051 1204 4084 w,
1219 4037 1317 4085 pm,

288 4134 378 4200 primus
399 4147 493 4180 suorum
512 4129 630 4191 ingenuus
646 4122 714 4170 erut?
737 4119 786 4166 lma
818 4120 966 4167 inurbanam
995 4120 1076 4183 lepido
1106 4135 1218 4184 seponere
1241 4120 1315 4168 diota,
