3009 5000
303 480 343 547 tt
564 477 777 541 nonstll
807 475 1053 537 urtsrots

327 680 457 759 Muta
479 680 543 753 iter
571 678 699 749 melius.
733 675 888 746 Mortalia
912 677 997 748 facta
1022 679 1201 773 peribunt3

294 912 340 959 ast
369 906 450 961 odida
473 904 551 953 um
577 916 737 966 properamus
762 901 795 953 ud
826 900 866 948 sed
888 919 980 966 semper
996 906 1090 969 integra
1108 903 1322 966 conservabuntur,

294 1008 376 1043 aratra
398 992 516 1039 Maurus
530 991 599 1037 etiam
612 986 704 1034 Servius
719 984 792 1034 habet
826 989 870 1034 nisi
888 998 937 1035 tota
955 990 1020 1053 ragio
1034 989 1169 1037 vehementi
1185 999 1260 1036 terrae
1275 1007 1324 1037 mo·

293 1076 323 1131 td
341 1082 398 1129 Arta
413 1078 509 1137 ΙΜθ.
529 1086 552 1123 et
565 1075 666 1137 srriptus
680 1072 791 1120 Prisriani
824 1081 851 1120 tu
875 1083 1006 1121 evertatur:
1030 1091 1090 1138 quae
1113 1086 1192 1123 tamen
1215 1077 1323 1140 exreptio

292 1164 367 1215 (uuirt
397 1161 575 1225 Carttsbrigiae‚
611 1158 716 1205 Statiano
742 1174 791 1204 me·
824 1168 848 1205 et
865 1160 916 1223 ipsa
931 1161 956 1207 in
972 1160 1015 1208 tati
1029 1163 1144 1209 sententia
1161 1172 1208 1208 tam
1222 1160 1323 1209 ridirula

291 1250 345 1301 lior.
367 1246 522 1299 utn'ttttts.
665 1274 668 1279 ·
823 1254 872 1306 ost,
895 1254 922 1293 ut
945 1244 975 1293 ad
995 1262 1045 1293 eam
1062 1263 1109 1293 non
1125 1247 1211 1294 melius
1228 1263 1322 1311 respou-

321 1337 465 1401 Quamquam
478 1327 607 1376 Simonides
621 1326 682 1376 dixit
695 1330 786 1376 uuuu-
821 1328 872 1376 deri
889 1332 962 1394 possit
979 1347 1049 1395 quam
1068 1330 1208 1394 proverbio,
1232 1333 1258 1379 si
1272 1347 1322 1378 roe·

289 1422 328 1486 ris
346 1420 445 1472 πάντες
463 1413 645 1475 dareidurdu,
666 1413 728 1462 trude
745 1430 789 1461 uos
822 1415 871 1461 lum
888 1423 954 1463 ruat.
980 1415 1090 1480 Orrupati
1109 1432 1189 1465 sumus
1209 1415 1278 1464 hodie
1295 1418 1321 1464 in

288 1505 365 1553 κυνῆ
386 1503 496 1550 debemur
512 1516 646 1564 expressum
667 1499 789 1561 videatur,
823 1500 930 1548 sirrando
945 1500 998 1549 laru
1010 1501 1162 1550 Harlemensi.
1181 1502 1237 1565 Quis
1251 1519 1263 1561 e
1279 1518 1321 1549 no·

288 1606 337 1638 ram
356 1599 433 1637 tamen
456 1587 586 1633 sententiae
608 1584 789 1633 similitudinem
822 1585 935 1634 stratibus
953 1597 1040 1650 poeta,
1058 1605 1127 1634 sanae
1144 1586 1239 1651 quidem
1256 1604 1320 1634 men-

285 1677 359 1741 ipsam
378 1690 423 1720 non
440 1672 547 1720 suffirere
562 1670 675 1733 arbitror,
694 1681 722 1718 ut
736 1671 788 1718 vul·
821 1674 863 1733 t's,
882 1671 926 1718 hor
940 1682 1023 1720 utatur
1039 1682 1190 1737 argumento:
1209 1673 1320 1719 &busur

285 1769 339 1825 gata
358 1759 427 1806 lertio
445 1767 569 1822 propterea
592 1774 633 1821 pro
652 1774 722 1805 manu
738 1758 784 1804 Ho·
801 1759 893 1817 ⁸morti
917 1775 961 1806 aas
976 1766 1113 1821 raostraque.
1136 1759 1215 1805 Luem
1231 1759 1319 1805 Harle-

284 1847 340 1893 tatii
365 1844 502 1907 arripiatur.
544 1842 718 1906 Dispiriendum
744 1859 785 1906 po·
817 1845 922 1905 ruensis,
939 1845 984 1891 diu
997 1846 1143 1909 navigatus,
1166 1859 1245 1908 grave
1264 1859 1319 1891 seu-

288 1933 349 1990 titts,
369 1946 398 1976 an
417 1944 470 1975 rum
489 1930 595 1976 univorsa
613 1929 733 1992 praerepti
750 1929 787 1975 in·
821 1930 870 1975 tiu
885 1937 1012 1989 aratrum,¹
1030 1931 1073 1977 sed
1085 1946 1173 1977 rursus
1177 1931 1243 1991 fiat,
1257 1929 1320 1992 quod

284 2015 337 2064 dole
355 2015 485 2061 ronveniat.
508 2014 536 2060 Ut
551 2013 622 2074 folia,
639 2014 731 2077 inquit,
747 2014 781 2060 ita
807 2012 881 2075 suit,
905 2016 981 2063 uteru.
1006 2016 1128 2062 Praeterea
1146 2015 1255 2062 Horatius
1271 2032 1318 2062 non

282 2100 355 2149 uerba
372 2102 493 2147 intereunt
508 2109 532 2146 et
546 2108 681 2146 nasruntur.
701 2098 746 2145 Nos
761 2107 785 2145 et
818 2109 869 2147 erat
881 2098 939 2147 adeo
954 2099 1097 2160 inurbanus,
1115 2110 1143 2146 ut
1156 2102 1201 2147 ista
1215 2098 1317 2147 scribere

283 2188 360 2234 omnia
384 2195 463 2232 nostra
490 2182 616 2249 aliquando
638 2185 783 2245 moriemur,
817 2183 923 2233 auderet.
955 2188 1074 2250 Augustus
1103 2196 1221 2234 exstrurto
1246 2196 1335 2250 portu.

281 2274 329 2320 sive
347 2288 410 2319 mare
427 2272 482 2332 fiat,
497 2269 559 2336 quod
574 2272 622 2318 fuit
639 2280 716 2333 terra,
735 2272 783 2318 siva
818 2271 896 2334 lulio,
926 2273 1020 2321 sirratis
1044 2272 1170 2337 paludibus
1195 2274 1315 2335 Pontinis,

281 2358 349 2422 palus
367 2367 473 2405 mutetur
488 2358 512 2404 in
530 2373 625 2413 arvum,
643 2359 691 2404 sive
709 2358 784 2404 amnis
816 2360 878 2422 agris
895 2357 924 2405 ab
938 2357 1091 2406 inundatione
1105 2359 1215 2407 Tiberina
1230 2358 1317 2407 libera-

281 2459 365 2490 novum
378 2459 470 2489 rursum
489 2444 575 2506 rapiat.
595 2441 713 2506 Quidquid
725 2458 785 2487 mor·
819 2445 863 2503 tis,
881 2445 968 2506 optime
986 2443 1014 2489 de
1031 2460 1056 2490 re
1074 2442 1170 2507 puhlira
1184 2454 1233 2491 erat
1246 2445 1306 2491 meri

280 2528 328 2576 tale
345 2538 393 2589 est,
404 2526 499 2591 peribit.
511 2525 599 2573 Nedum
609 2542 684 2573 sermo
699 2527 783 2572 sitim·
816 2535 868 2587 tus,
884 2526 1012 2591 laudesque
1024 2530 1126 2575 omniurn
1139 2526 1250 2575 bonorum
1262 2546 1315 2577 ron·

281 2613 395 2661 mortalis.
414 2612 456 2659 Hir
469 2628 515 2658 non
529 2627 652 2675 assequor,
668 2626 709 2657 rur
723 2609 784 2657 ‘llud
817 2621 920 2659 serutus.
952 2611 1012 2675 Quid
1033 2612 1141 2675 prodest,
1164 2613 1222 2662 dirit
1243 2615 1314 2663 Hora·

270 2716 323 2747 nuos
344 2706 369 2746 et
390 2705 474 2745 uostra
495 2697 628 2743 moriautur
649 2697 781 2744 confirmari
814 2699 879 2758 tius,
902 2699 976 2744 omnis
993 2698 1037 2744 iste
1059 2696 1146 2747 labori
1170 2699 1228 2747 Vani
1246 2702 1313 2748 fuere

280 2786 353 2850 possit
371 2783 485 2848 exemplis
504 2784 721 2843 terrarioruure,
737 2799 783 2846 pa·
814 2793 914 2831 sumtus.
945 2783 1025 2831 Omnia
1050 2784 1169 2847 peribunt.
1200 2786 1313 2851 Corrupta

280 2872 348 2919 ludis
368 2872 397 2916 iu
419 2885 504 2917 aratur
520 2884 647 2916 convorsus
660 2878 688 2915 >et
698 2869 780 2930 florarii
812 2879 870 2932 puto
886 2869 943 2917 illa:
959 2870 1070 2916 deburat
1083 2873 1168 2919 ruorti.
1186 2871 1270 2935 Video,
1288 2882 1313 2921 et

281 2965 385 3028 aeterua
407 2957 473 3002 oium
495 2955 639 3002 deserentis.
666 2952 729 3000 Nihil
747 2953 782 3002 ibi
815 2956 891 3019 quivis
904 2954 1083 3016 merumvidet,
1097 2956 1153 3021 quid
1166 2960 1311 3022 postuletur,

246 3057 250 3065 ·
279 3044 399 3102 moratur,
418 3039 458 3089 sed
468 3041 540 3101 surio
554 3049 645 3088 tanturn
663 3048 777 3087 mutatur.
812 3057 909 3104 nempe:
938 3041 1009 3089 silvae
1032 3052 1166 3105 mutantur,
1193 3045 1250 3093 solia
1275 3062 1312 3092 ra·

279 3128 349 3189 Nam,
367 3127 423 3174 liret
438 3127 524 3191 oppidu
538 3123 656 3173 interdum
670 3125 728 3170 mori
743 3123 778 3171 di·
811 3124 871 3172 dunt
896 3135 919 3172 et
945 3137 1090 3189 nasruntur,
1115 3128 1240 3177 verborum
1264 3129 1311 3176 alia

268 3223 376 3273 rantur,
394 3223 421 3259 ut
437 3212 513 3259 Rutil.
532 3212 587 3258 itin.
603 3211 627 3271 I,
645 3211 700 3257 413.
725 3210 779 3257 Nos
810 3212 945 3272 intereunt,
960 3210 1007 3260 alia
1021 3230 1100 3261 rursus
1114 3217 1198 3262 virent.
1212 3214 1258 3277 Ipsi
1269 3212 1310 3260 ho·

278 3298 442 3362 aridtpruauur
454 3298 569 3344 ruortalia
583 3311 682 3360 corpora
694 3292 778 3342 solvi?
811 3297 885 3342 mines
899 3306 923 3343 et
938 3296 1057 3345 hominum
1071 3316 1141 3364 opera
1155 3316 1200 3345 non
1214 3309 1309 3347 manent

279 3384 408 3432 Ceruiraus
421 3384 539 3446 exemplis
553 3382 716 3446 apuridaposse
730 3397 778 3428 ruo·
811 3379 900 3430 eadem.
918 3382 995 3430 Farirs
1011 3395 1108 3432 naturae
1126 3395 1150 3431 et
1166 3384 1270 3431 locorum
1282 3387 1308 3434 iu

277 3472 318 3517 ri:
332 3471 432 3530 nemini,
450 3467 519 3515 rredo
529 3505 536 3529 ,
546 3470 571 3515 in
585 3478 686 3515 mentem
702 3469 780 3515 veniet
813 3483 884 3514 novas
904 3469 994 3532 speciei
1015 3471 1165 3517 transfertur.
1198 3469 1308 3518 Horatius

271 3563 306 3604 ‘tit
320 3554 395 3603 dirat:
412 3565 493 3620 portus
508 3553 551 3601 ilie
569 3551 777 3618 iuliusaiiquando
810 3569 852 3617 pro
878 3554 1007 3601 atauus
1028 3554 1114 3601 uultu
1136 3554 1237 3602 srrihere
1267 3572 1308 3619 po·

276 3644 409 3702 morietur,
419 3657 488 3705 agor,
499 3640 585 3687 fertilis
595 3639 775 3687 ssuviusmorir-
809 3639 869 3686 tuit:
888 3640 1022 3686 utrumn
1038 3640 1161 3687 runaut.
1176 3642 1307 3690 Mutantur

278 3736 327 3777 tur.
352 3727 445 3793 Neque,
463 3735 490 3773 ut
503 3727 553 3773 siae
567 3724 617 3772 ulla
635 3725 773 3788 exceptione
805 3725 909 3777 sauram
918 3724 1165 3787 nosnostraqua:hoc
1179 3728 1267 3791 optime
1282 3738 1306 3776 et

274 3830 356 3862 verum
367 3810 774 3873 esttitouu'ursaliquandomou‘eu·
808 3808 837 3857 ud
854 3809 1018 3858 antecedentia
1042 3821 1066 3859 et
1084 3810 1112 3858 ad
1130 3814 1254 3878 sequentia
1270 3831 1306 3862 re·

275 3907 334 3948 tur:
350 3901 385 3948 ita
400 3915 483 3947 veram
500 3906 536 3945 est
557 3912 629 3960 opera
644 3896 692 3942 illa
705 3896 775 3958 pori·
808 3895 893 3943 fertur.
917 3897 955 3943 Est
976 3911 1050 3960 genus
1066 3896 1182 3961 quoddam
1200 3898 1305 3963 disputa·

275 3985 352 4047 duat,
379 3986 425 4033 nisi
452 3984 540 4048 rogites
564 3982 675 4030 ultimum
698 3971 775 4027 'totius
806 3980 891 4042 tionis,
915 3997 960 4027 non
979 3980 1093 4029 dissimile
1112 3982 1304 4048 philosophorum

274 4069 358 4120 mundi
375 4069 450 4119 diem:
473 4068 535 4135 quod
551 4070 668 4133 ineptum.
690 4065 713 4113 Si
731 4064 773 4112 ho·
805 4064 975 4130 disputationi,
998 4067 1040 4132 qui
1057 4068 1083 4116 σί
1101 4067 1206 4130 ῥέοντες
1222 4068 1304 4132 appel-

274 4158 349 4207 tuiuer
358 4154 454 4218 volunt,
464 4171 534 4220 opera
542 4154 585 4202 ills
594 4169 641 4201 non
649 4149 774 4216 peribunt,
807 4150 895 4199 luatur.
902 4152 1045 4217 'Disputarit
1056 4152 1087 4201 ad
1101 4153 1200 4201 eundem
1209 4152 1303 4202 modurn
