3009 5000
292 474 350 536 100
553 475 765 537 llOlld'l‘ll
798 472 1043 537 eelsroal

294 675 435 748 Tardior
453 687 493 748 ut
512 678 629 773 paullo
650 679 850 771 graviorque
872 677 1000 749 veniret
1019 674 1063 746 ad
1083 697 1202 765 eures,
1223 684 1303 746 255.

293 795 466 889 Spondeoe
488 797 624 868 stabiles
646 798 681 868 in
702 799 777 866 iura
801 802 940 891 paterna
960 795 1085 890 recepit
1228 804 1306 866 256.

295 912 500 987 Commodus
518 925 552 987 et
569 917 718 1010 poticam
741 938 810 984 non
835 921 875 984 ut
893 913 935 984 de
953 912 1031 984 aede
1051 912 1198 986 manda
1226 918 1307 983 267.

295 1031 435 1123 Cederet
454 1042 513 1104 aut
533 1043 654 1128 quarta
679 1034 854 1104 socialiter.
889 1032 952 1103 Hic
975 1039 1010 1102 et
1030 1032 1065 1102 in
1085 1030 1167 1102 Acci
1225 1041 1306 1102 256.

293 1150 472 1223 Nobilibus
496 1155 653 1223 trimetris
677 1160 816 1247 apparet
840 1173 955 1242 rarus,
979 1158 1014 1221 et
1034 1150 1119 1220 Enni
1229 1159 1307 1221 259.

293 1270 332 1340 ln
353 1294 484 1342 scenam
508 1274 625 1341 missos
645 1293 866 1364 magnacum
887 1268 1035 1365 pondere
1056 1291 1172 1340 versae
1227 1279 1307 1339 266.

294 1387 366 1459 Aut
386 1414 508 1486 operae
528 1391 645 1460 celeris
665 1390 807 1459 nimium
828 1412 978 1482 curaque
999 1389 1161 1477 carentia,
1226 1362 1305 1457 261.

292 1507 362 1578 Aut
381 1510 551 1603 ignoratae
569 1510 692 1604 premit
715 1508 795 1577 artis
820 1508 959 1578 crimine
981 1508 1086 1601 turpi.
1230 1517 1310 1578 262.

318 1753 439 1817 eponae
454 1754 564 1802 aenaeae.
589 1752 729 1817 paneam
745 1752 785 1799 a·
816 1751 896 1800 mea
913 1751 1013 1816 onata
1027 1738 1106 1800 moi.
1120 1751 1182 1801 orat.
1192 1753 1218 1815 1,
1232 1754 1257 1801 e.
1277 1753 1320 1801 re-

285 1839 550 1902 ait.orat.1,1‚ae.
569 1841 784 1903 Pythagoramao·
818 1844 883 1885 ieree
900 1838 992 1885 latini
1007 1839 1121 1902 plerique
1141 1840 1202 1902 plue
1216 1840 1320 1904 ingenie

286 1928 395 1989 cepimus
409 1926 545 1973 concitator
559 1924 593 1972 ad
605 1926 658 1972 eim
679 1924 785 1988 pedicae
818 1938 889 1986 qaam
899 1929 954 1969 arte
970 1924 1108 1971 valuerant.
1123 1922 1168 1971 Ubi
1183 1922 1237 1972 vide
1251 1923 1319 1990 Spel-

287 2011 369 2059 daraai
392 2011 541 2073 afferendam
570 2012 686 2070 iuvenes,
715 2011 787 2056 iussa
819 2006 941 2072 dirigiam,
966 2010 1048 2073 quiet
1069 2007 1234 2057 affert'locam
1255 2009 1319 2058 Cice·

286 2096 421 2143 matarein
432 2094 650 2159 spendeemmodoe
665 2094 786 2155 tibicina,
819 2094 883 2141 rania
906 2094 979 2158 Epist.
1001 2078 1032 2142 ed
1053 2097 1077 2143 2.
1094 2095 1198 2143 Fratrem
1215 2095 1253 2158 11,
1279 2098 1320 2145 11.

287 2182 454 2245 conpromisso.
479 2178 543 2228 Idem
555 2180 602 2241 IX,
616 2193 654 2241 1v,
670 2180 712 2227 83.
735 2181 785 2254 lio-
819 2179 955 2227 »Lucretii
962 2187 1091 2245 poemata,
1105 2189 1135 2229 ot
1151 2183 1255 2244 eeribir,
1268 2184 1320 2230 lita

286 2282 342 2314 rara
360 2266 452 2330 pedam
474 2267 558 2314 aeliae
578 2282 626 2312 aaa
646 2267 676 2312 ia
693 2266 785 2312 aratio-
817 2266 1320 2331 raatmaltielamiaidariageaii,raai-
1414 2296 1417 2313 .

288 2368 343 2400 reem
366 2354 453 2415 verrit,
479 2352 522 2399 seri
544 2367 589 2415 qao
612 2353 702 2415 quique
726 2356 787 2397 eant
821 2357 860 2398 tae
877 2356 959 2398 tamon
973 2352 1068 2399 artia.”
1084 2350 1211 2416 Inqaibua
1227 2362 1321 2403 senten·

289 2440 437 2504 temporibus
447 2439 587 2505 pleniores,
604 2437 789 2503 loregirqaeeyl⁴
823 2436 858 2484 tia
889 2437 982 2484 omnino
1006 2436 1126 2503 postulare
1154 2436 1250 2487 videtur
1273 2454 1322 2488 nore

288 2528 366 2588 iadis,
391 2528 433 2574 lroc
449 2527 591 2591 graviorem
606 2524 714 2583 faeiaat
735 2538 789 2570 ora·
820 2523 914 2570 multae
929 2530 1011 2570 tamea
1031 2526 1107 2572 artie.
1130 2524 1252 2574 Caeterum
1266 2535 1321 2590 port

288 2614 395 2673 ticam,
412 2613 494 2658 breves
508 2611 609 2656 celerem
624 2623 652 2655 ac
665 2608 785 2655 mobilem.
818 2606 911 2655 Horatii
930 2623 1024 2655 veroum
1043 2617 1090 2657 aar
1112 2611 1244 2674 ignoratae
1262 2625 1321 2675 pre·

320 2697 378 2744 Noa
398 2703 428 2744 at
448 2696 477 2743 de
492 2695 548 2743 rede
563 2693 667 2741 secanda
684 2692 786 2741 Gederet
817 2693 867 2740 mii
889 2695 958 2741 artie
980 2695 1086 2743 mimine
1103 2698 1186 2760 turpi,
1212 2696 1322 2748 nonnulli

287 2788 334 2830 aut
349 2789 439 2844 quarta
451 2781 587 2829 socialiter.
600 2780 643 2827 Pro
656 2779 786 2827 socialiter
818 2786 962 2843 putaverant
995 2796 1044 2829 erae
1069 2782 1220 2832 inserendam
1240 2782 1319 2832 hunc:

287 2867 451 2934 corrigendum
480 2883 528 2915 esse
553 2864 666 2932 putabam
687 2871 788 2912 rectave
819 2865 873 2913 Nea
888 2871 962 2912 tanta
977 2867 1006 2913 ia
1018 2869 1109 2916 metria
1125 2870 1199 2917 venia
1213 2869 1321 2917 emicedi-

286 2955 337 3004 eeri.
350 2951 690 3016 CommentatorGraquienus:
706 2949 787 2997 »lem-
821 2957 863 2997 tar
883 2951 933 2999 ati.
959 2950 1053 3000 Servius
1074 2969 1159 3018 nempe
1183 2953 1215 3003 ed
1236 2953 1320 3020 l‘rrgil.

285 3038 355 3089 laicae
376 3041 483 3087 trimeter
503 3036 597 3086 nullum
621 3034 706 3101 pedem
732 3034 789 3082 olim
821 3034 917 3083 Aeneid.
938 3036 971 3099 V,
992 3039 1040 3087 467
1060 3039 1175 3103 dicitque
1190 3042 1321 3106 etproelia

287 3124 383 3175 admisit
397 3123 471 3172 aliam
495 3132 589 3188 praeter
603 3119 721 3170 iambum:
744 3118 787 3168 ced
819 3136 873 3169 eree
885 3122 1003 3184 diremit,
1018 3126 1150 3173 annotavit:
1167 3135 1261 3175 »vacat
1273 3142 1320 3193 que

286 3221 333 3259 aon
348 3212 383 3258 ita
396 3208 502 3275 pridem,
519 3208 545 3256 id
559 3215 608 3270 eet,
622 3204 722 3254 nondia
739 3214 784 3267 est,
817 3208 894 3254 metri
908 3223 1008 3256 caussa:
1033 3216 1059 3256 et
1082 3212 1174 3259 maluit
1186 3214 1318 3276 perissolo-

287 3294 351 3361 quod
370 3304 438 3342 notos
456 3278 545 3356 (novos)
562 3291 648 3358 pedes,
673 3301 702 3339 ut
718 3307 788 3356 spon·
816 3293 888 3356 giam
910 3293 1011 3355 facere,
1037 3310 1108 3358 peram
1132 3298 1175 3344 ati
1200 3299 1320 3346 caemani

286 3380 357 3429 deum
382 3389 407 3426 et
422 3379 481 3427 elios
496 3380 627 3444 receperit,
650 3375 691 3425 aed
707 3378 737 3426 iis
752 3375 788 3424 le·
820 3379 927 3442 eyilala,
949 3395 1010 3443 qaae
1017 3380 1139 3445 srepaeree
1153 3386 1248 3434 eitieaa
1262 3392 1320 3433 eet:

286 3464 369 3532 gibus,
384 3473 412 3512 ut
424 3462 552 3512 secundum
565 3472 676 3528 quartum
689 3469 716 3510 ei
731 3477 786 3510 eea·
817 3463 880 3511 eade
893 3465 1031 3513 Horatiae:
1046 3466 1093 3515 Nee
1108 3477 1174 3516 tanta
1193 3471 1219 3518 ia
1236 3471 1317 3519 metria

289 3561 342 3601 trem
356 3551 419 3599 locos
434 3547 481 3598 sibi
490 3550 595 3614 proprios
604 3557 722 3609 servaret,
739 3549 789 3613 pri-
820 3549 890 3597 reaia
914 3550 1051 3600 conceditur
1071 3555 1118 3603 uti.
1143 3556 1233 3603 Graeci
1255 3559 1323 3604 ertim

287 3653 352 3685 mum
365 3637 462 3685 tertiam
475 3644 501 3683 et
516 3635 626 3699 quintum
639 3633 717 3690 locum
733 3649 789 3681 eon·
821 3634 862 3682 hie
876 3642 984 3684 utantur
989 3638 1145 3701 frequenter.
1163 3638 1210 3688 Sed
1225 3650 1290 3689 recte
1306 3658 1322 3691 a

287 3721 372 3772 cedens
388 3721 469 3770 aliar
820 3720 952 3769 Burmanno
975 3732 999 3769 et
1019 3722 1073 3772 aliie
1096 3724 1121 3772 in
1142 3724 1321 3776 Servio-eorre-

319 3810 380 3857 aum
392 3821 480 3872 mageo
488 3805 602 3869 pendere.
617 3804 653 3851 lte
667 3804 740 3850 etiem
752 3802 788 3852 le·
819 3815 884 3854 etam
902 3809 1068 3857 Terentianae
1085 3826 1127 3875 pro
1143 3811 1274 3861 Horatiae.
1291 3814 1320 3861 ln

287 3895 394 3960 gitatin
410 3893 456 3941 las,
470 3890 650 3940 Breackmenni.
819 3890 959 3940 Terentiano
980 3893 1061 3941 ldearo
1089 3911 1122 3943 ve.
1146 3897 1208 3944 1010
1232 3896 1321 3962 legitur

319 3980 373 4028 Aut
396 3982 527 4044 ignoratae
540 3976 635 4041 premit
657 3974 726 4022 arria
740 3975 790 4022 cri·
822 3976 874 4025 Nee
886 3984 958 4025 tanta
970 3979 1000 4026 ia
1011 3977 1115 4043 peiihrri
1127 3982 1200 4029 reaia
1215 3984 1322 4031 concedi·

287 4067 355 4113 etiae
375 4067 453 4128 turpi.
470 4063 527 4111 Vere
545 4060 640 4111 Ovidius
660 4061 730 4108 Triet.
747 4059 786 4122 ll,
820 4067 863 4109 tar
877 4064 927 4111 uri.
948 4064 1025 4129 quue
1050 4067 1127 4113 minae
1142 4063 1250 4115 dubitari
1268 4077 1321 4132 pot·

287 4150 344 4199 tel.
358 4149 789 4214 Eartiaeiageaiomaaimae,arte
822 4156 857 4195 eet
878 4149 904 4195 in
927 4147 1007 4197 Servio
1034 4149 1185 4200 scribendum
1206 4169 1255 4202 esee
1277 4155 1322 4201 Te·
