3009 5000
269 477 307 541 18
524 475 737 542 noustn
767 472 1018 542 Erlstote

298 682 367 753 Nec
387 678 544 751 facundia
570 679 700 753 deseret
719 680 829 773 hunc,
852 705 915 753 nec
933 680 1069 753 lucidus
1093 679 1188 752 ordo.
1239 734 1242 739 -

301 799 437 872 Ordinis
449 799 532 872 haec
551 801 659 871 virtus
677 801 741 872 erit
764 807 799 871 et
818 824 942 891 venus,
965 804 1025 872 eut
1037 823 1099 895 ego
1112 799 1231 892 fallor,

299 921 432 991 Utinm
456 945 549 992 nunc
572 921 663 991 dicat
684 921 752 990 iam
776 945 869 992 nunc
893 919 1048 992 debentia
1070 919 1153 1007 dioi3

292 1015 640 1133 ‘Pleraque‘dr'fferass
661 1048 697 1110 et
716 1063 874 1134 praesens
894 1042 930 1110 in
954 1047 1089 1134 tempus
1109 1037 1256 1107 omittat:

225 1245 227 1249 ι
301 1159 376 1229 Hoc
396 1166 505 1249 amet,
530 1157 596 1229 hoc
616 1166 752 1254 spernat
772 1162 927 1256 promissi
948 1158 1105 1230 carminis
1127 1162 1257 1225 auctor.

269 1343 321 1388 r'em
333 1355 381 1388 uon
399 1337 471 1386 audet
492 1346 599 1399 tentare,
616 1342 673 1403 quia
692 1330 766 1387 maio-
797 1341 835 1405 gis
859 1341 928 1389 decet
949 1338 1052 1405 rigidum
1068 1338 1095 1385 in
1113 1334 1194 1385 schola
1218 1335 1293 1399 magi·

269 1443 319 1475 rem
342 1441 390 1473 esse
403 1424 494 1473 viribus
510 1425 597 1487 sensit,
621 1425 704 1492 itaque
716 1441 766 1491 pu·
797 1435 965 1491 strum,quam
976 1423 1094 1473 urbanum
1103 1430 1292 1488 praeceptorem,

268 1511 356 1558 denter
363 1519 465 1559 recusat.
471 1510 593 1558 'Potentes'
600 1511 634 1559 ita
643 1511 694 1560 fere
703 1510 768 1577 apud
800 1494 843 1578 qui
859 1514 948 1561 circum
969 1510 1106 1578 praecordia
1121 1507 1224 1568 Pisonis,
1246 1504 1295 1552 filii

268 1595 442 1660 Quintilianum
463 1593 541 1642 instit.
567 1594 630 1646 Orat.
652 1596 714 1660 XII,
729 1610 763 1661 x,
796 1607 856 1646 natu
881 1582 984 1661 maioris,
1009 1597 1123 1658 ludebat,
1149 1604 1179 1642 ut
1200 1608 1255 1642 eum
1279 1607 1294 1640 a

269 1685 319 1744 te,
336 1682 471 1729 invenitur:
485 1688 516 1729 ut
528 1682 598 1731 dicct
610 1692 636 1732 et
643 1686 762 1749 utiliter,
797 1684 935 1734 lectitandis
957 1678 1063 1734 versibus
1076 1678 1222 1742 deterreret,
1238 1677 1294 1740 vel,

267 1775 294 1816 et
309 1767 344 1815 cd
361 1765 528 1832 ffciendnns,
552 1768 615 1832 quod
636 1771 764 1834 intendit,
797 1769 878 1819 sihoe
899 1788 946 1818 non
963 1780 1056 1836 posset,
1073 1767 1187 1819 ridiculos
1204 1780 1295 1814 errores

262 1864 387 1924 potenter.
794 1859 870 1907 vitare
884 1869 999 1908 moneret.

303 1944 407 1993 Ordinis
425 1945 484 1992 tneo
504 1944 590 1993 virtus
613 1947 666 1993 erit
684 1933 766 1995 etve-
831 1948 883 1995 Hoc
898 1955 979 2009 amet,
996 1948 1038 1995 hoc
1055 1949 1166 2009 speram.
1183 1939 1294 1989 llifficilis

260 2043 333 2094 'nns,
359 2037 405 2078 aut
428 2045 473 2094 ego
483 2030 572 2091 fuller.
602 2031 715 2081 Graevius
735 2031 766 2082 ad
797 2019 878 2097 locus,
892 2033 982 2099 quique
996 2034 1090 2098 integer
1105 2030 1193 2095 apponi
1206 2026 1293 2090 debet,

266 2116 367 2166 Rhetor.
386 2114 416 2163 ad
432 2115 534 2164 Herenn.
549 2116 575 2180 1,
589 2117 619 2180 3,
642 2119 701 2167 citat
714 2121 768 2167 cir·
799 2129 829 2168 nt
853 2120 987 2169 accuratius
1009 2120 1158 2168 excutiatur:
1191 2115 1296 2163 Ordinis

269 2211 311 2252 ins
334 2208 380 2251 est.
405 2203 550 2268 Quamquam
581 2202 643 2253 haec
668 2217 693 2255 et
716 2204 765 2255 alia
798 2209 855 2256 hoec
871 2209 956 2255 virtsm
971 2207 1023 2254 erit
1040 2212 1066 2253 et
1087 2219 1177 2264 anans,
1193 2209 1296 2267 cetego

262 2287 433 2339 ›haimeemodi
454 2307 532 2339 errore
548 2294 675 2342 memoriae
692 2296 767 2343 citen-
791 2296 886 2359 fallor,
915 2296 948 2342 Ut
971 2296 1023 2341 ium
1043 2307 1108 2339 nuno
1128 2290 1216 2348 dican
1240 2288 1295 2335 iem

269 2382 324 2440 tur,
338 2376 457 2427 interdum
471 2379 540 2427 taciti
556 2378 641 2428 iudicii
658 2382 764 2429 testimo·
796 2396 860 2429 nnnc
880 2381 995 2429 debentia
1011 2378 1065 2426 disi
1083 2376 1204 2438 Pleraque
1219 2372 1293 2435 diffe-

265 2464 335 2513 nium
356 2461 444 2513 habere
465 2462 585 2514 videntur.
619 2465 764 2531 Quamquam
797 2472 850 2528 ret,
876 2471 902 2512 et
917 2478 1039 2528 praesens
1053 2464 1084 2510 in
1109 2468 1204 2525 tempsts
1221 2461 1293 2509 cmit-

262 2564 312 2598 nec
329 2550 467 2612 draevins,
490 2549 577 2613 credo,
598 2548 639 2599 hie
655 2552 765 2599 futurum
799 2558 854 2611 ταῖς
877 2550 930 2597 Hoc
950 2555 1028 2610 uniet,
1050 2550 1093 2595 ltoe
1113 2553 1215 2611 spernet
1234 2561 1293 2610 pro-

266 2650 323 2694 cum
337 2643 460 2699 praesente
477 2645 570 2684 mutare
584 2634 696 2685 voluerit.
719 2635 764 2683 Pro
794 2635 873 2682 missi
894 2634 1016 2681 concinis
1037 2640 1131 2682 auctor.
1157 2635 1190 2683 In
1213 2635 1295 2683 verbis

269 2728 315 2769 cut
337 2723 364 2770 in
384 2722 456 2769 variis
483 2720 545 2770 MSS.
571 2720 662 2787 legitur
683 2722 764 2784 hosed,
797 2722 877 2768 mons
901 2721 986 2768 tenuis
1008 2727 1143 2784 ccumsque
1164 2720 1293 2783 serendis,

270 2795 343 2872 idque
370 2804 481 2853 nonnulli
505 2807 649 2871 interpretes
679 2804 766 2871 cupide
798 2806 907 2853 Diceris
922 2807 1038 2870 egregie,
1060 2814 1144 2855 notum
1159 2809 1185 2855 si
1202 2808 1295 2856 collido

257 2895 430 2959 >arripuerunt
448 2891 553 2941 Sedent
568 2907 612 2956 ego
619 2891 701 2951 fuller
713 2890 766 2938 lon·
797 2890 894 2937 verdum
908 2889 1184 2938 Reddidcrits'unetura
1196 2906 1293 2941 mm.

269 2994 299 3044 ge
324 2977 453 3026 modestius
476 2976 578 3026 affirmat
601 2993 672 3043 quarn
698 2978 766 3026 hecti
796 2978 951 3042 Distinguunt
975 2976 1084 3042 plerique
1107 2975 1179 3025 hodie
1202 2986 1227 3026 et
1243 2993 1294 3025 sus·

264 3078 315 3128 ego
328 3064 418 3124 failor.
454 3063 565 3112 Horatius
586 3064 694 3112 mamni
717 3063 763 3113 hac
795 3063 904 3129 pendunt
925 3065 1054 3112 orationem
1074 3078 1089 3111 a
1111 3078 1182 3111 versu
1201 3063 1292 3127 medio,

263 3141 376 3213 =Epistola
388 3149 461 3196 talem
472 3149 610 3198 modestiam
623 3161 713 3199 servate
728 3150 764 3199 id·
795 3145 826 3198 aad
840 3151 893 3198 iam
907 3166 972 3197 nuno
984 3151 1068 3199 dicct:
1082 3148 1167 3199 deinde
1179 3147 1242 3196 illud
1256 3165 1294 3196 or·

266 3250 318 3302 que
334 3244 399 3283 recte
416 3245 441 3283 et
456 3237 575 3299 suaviter,
594 3236 766 3302 quiscriberet
798 3236 911 3299 (liuntur,
937 3236 1001 3304 quod
1024 3237 1100 3285 cuivis
1123 3249 1231 3300 magnam
1252 3230 1294 3283 ad·

271 3319 303 3369 ad
326 3320 432 3382 Pisones,
463 3320 587 3369 literarum
611 3330 717 3369 amantes
740 3331 766 3370 et
798 3322 947 3370 mirationem
968 3332 1072 3370 moveat:
1098 3325 1152 3372 lom
1173 3338 1238 3369 nunc
1252 3320 1293 3370 de·

266 3408 373 3472 peritos,
394 3417 533 3470 morumque
550 3415 575 3454 et
590 3406 654 3453 vitae
671 3406 768 3471 elegan-
800 3407 884 3454 dontio
897 3407 951 3455 dici
956 3409 1074 3471 pleraque
1089 3408 1201 3469 ἄφνω.
1215 3407 1293 3455 Enim·
1326 3455 1331 3468 ,

266 3492 305 3539 tia
324 3487 478 3538 excellentes.
503 3491 552 3553 Ita,
578 3501 701 3557 postquam
728 3508 763 3542 vs.
796 3507 852 3541 vcro
866 3494 888 3542 si
903 3496 950 3542 iam
965 3510 1030 3542 nnnc
1043 3496 1097 3541 diei
1111 3494 1212 3555 debent,
1225 3502 1291 3542 recte
1314 3535 1317 3540 .

267 3578 318 3626 2ἳο
333 3574 427 3625 dixerat
449 3577 549 3627 maiores
567 3578 675 3642 Pisonum
693 3579 765 3626 nimis
792 3589 822 3626 et
844 3578 926 3629 ordine
949 3581 1003 3626 ionic
1024 3595 1089 3627 nnnc
1105 3578 1229 3627 dicentur.
1254 3578 1291 3628 An

269 3663 403 3727 patienter,
420 3661 467 3708 imo
480 3660 554 3709 stulte
567 3661 677 3710 Plautum
691 3663 765 3711 fuisse
797 3662 883 3728 iubes,
906 3674 935 3712 ut
950 3680 1011 3731 quae
1032 3666 1058 3712 in
1074 3663 1119 3712 hae
1139 3663 1292 3714 adnotatione

269 3750 380 3810 miratos,
402 3746 433 3795 ad
453 3744 604 3795 minuendam
621 3744 681 3796 dicti
702 3762 766 3795 acer·
797 3749 845 3796 iarn
870 3755 934 3797 nune
958 3766 972 3798 a
994 3747 1101 3797 medici
1125 3759 1231 3815 oportet,
1264 3766 1293 3799 ea

268 3830 371 3882 bitatem
391 3833 472 3881 statim
496 3831 612 3881 subiecit:
645 3833 672 3880 si
696 3833 765 3881 modo
798 3832 908 3884 differam
930 3845 955 3883 et
973 3836 1098 3885 omittam?
1122 3838 1182 3903 Ergo
1197 3846 1241 3886 eut
1257 3846 1294 3885 ts·

267 3934 314 3986 ego
329 3927 355 3969 st
368 3935 410 3969 vos
425 3921 524 3970 Minus
539 3920 687 3982 inordonsnn
703 3921 765 3985 lepi-
797 3920 897 3969 cendum
911 3921 972 3970 mihi
985 3931 1035 3985 est,
1054 3931 1098 3970 aut
1113 3923 1161 3972 alia
1177 3922 1293 3990 quaedam

264 4004 301 4054 do
324 4020 437 4070 seponere
458 4006 542 4070 dicto,
566 4006 765 4070 legitimumque
797 4006 896 4056 dicenda
917 4018 986 4072 sunt,
1008 4024 1069 4074 quae
1090 4028 1155 4060 nnnc
1173 4010 1222 4059 diei
1244 4025 1293 4059 non

267 4108 353 4141 sornam
378 4093 473 4159 digitis
497 4096 613 4144 omenes
644 4101 670 4142 et
696 4107 764 4141 aare.
799 4092 925 4145 debebant.
941 4095 1035 4145 Bellum
1051 4113 1107 4146 sane
1123 4103 1291 4161 praeceptum,
1356 4115 1360 4120 ·

269 4178 378 4228 Alterum
397 4178 461 4230 illud
484 4181 550 4229 houd
569 4195 613 4246 ego
619 4179 704 4240 fallor
720 4177 770 4228 uia·
801 4179 842 4227 eui
857 4177 918 4229 nihi
929 4179 970 4232 illi
985 4198 1038 4231 cum
1054 4183 1156 4230 maxime
1171 4177 1294 4246 obtempe-
