3009 5000
556 438 617 498 ar
646 437 863 498 rrsouus.
1158 392 1217 496 1o7

195 617 278 666 stolam
307 617 372 666 mille
397 633 508 671 versuum
531 614 689 678 biberemus,
722 631 848 681 numquam
862 615 910 663 fuit
920 614 1011 664 similis.
1026 615 1082 664 tide
1094 614 1156 664 mibi
1166 632 1217 664 cae-

193 702 275 766 paullo
296 702 391 769 quidem
412 701 498 751 melius
516 718 586 750 sanae
603 702 690 750 rationi
720 710 786 757 ⁴teras
801 699 868 749 illius
883 700 1006 765 Epistolas.
1027 698 1145 750 Habemus
1160 717 1218 767 qua·

193 789 385 851 convenientem,
404 786 445 839 sed
460 786 549 853 paullo.
574 786 688 835 Hemonet
720 785 838 852 draginta.
854 786 882 834 ln
897 787 961 834 omni
976 785 1137 852 negligentia,
1151 796 1219 852 grata

192 888 284 939 semper
313 890 396 939 poema
427 872 528 922 hominis
559 873 689 939 ignorantis
721 872 766 921 illa
781 888 809 921 ao
825 871 951 934 familiari,
967 871 1089 935 vinculum
1101 881 1126 920 et
1140 888 1220 921 conse-

191 957 250 1024 quid
265 958 342 1022 velit,
359 960 402 1026 gui
417 957 511 1024 regulas
526 975 573 1006 non
589 957 689 1007 alteram
721 959 786 1006 cutio
807 973 885 1005 rerum
902 973 929 1005 ac
947 956 1072 1006 verborum
1087 968 1217 1024 apparent:

191 1060 222 1093 ex
239 1043 315 1093 altera
333 1044 445 1093 concinne
467 1043 564 1092 deducit
582 1053 607 1092 et
625 1042 687 1092 deri·
719 1042 814 1092 dissth
831 1052 859 1091 ut
875 1041 944 1090 bomo
960 1041 1043 1091 doetus
1059 1053 1083 1091 et
1099 1042 1217 1108 prudens,

190 1138 245 1191 vat,
259 1129 301 1178 sed
313 1128 391 1179 subito
405 1139 430 1177 et
442 1138 531 1179 temere
544 1129 684 1195 proiioiene,
717 1137 803 1177 natura
811 1137 836 1176 et
843 1137 895 1176 arte
903 1127 1132 1192 paratus,disserere
1141 1130 1216 1191 solet,

189 1216 268 1263 omnia
280 1231 372 1264 sursum
387 1213 495 1263 deorsum
508 1214 647 1280 permiscet,
662 1223 687 1261 et
720 1222 744 1261 et
752 1213 817 1261 ultro
830 1212 945 1262 disserere
960 1213 1095 1278 impellitur
1104 1246 1111 1277 ,
1120 1231 1178 1277 uec,
1195 1217 1217 1263 si

189 1301 258 1365 quasi
266 1301 389 1366 epistolam
397 1316 427 1349 ex
434 1297 573 1348 centonibus
582 1299 686 1362 consuit,
719 1298 796 1361 velit,
813 1298 886 1347 aliter
893 1297 1007 1347 disserere
1021 1309 1108 1365 potest.
1130 1300 1175 1348 Gur
1191 1302 1217 1348 in

188 1401 260 1452 quam
284 1403 338 1435 rere
362 1385 484 1452 appellare
506 1386 579 1451 possis
603 1383 686 1433 rudem
719 1386 818 1433 caeteris
831 1383 941 1449 Epistolis
954 1383 1075 1448 omnibus,
1091 1384 1136 1433 ubi
1144 1387 1216 1435 etiam

187 1471 375 1537 indigestamque
391 1470 543 1521 molemNee
559 1471 685 1519 banaian·
717 1471 791 1519 maior
814 1469 913 1519 libertas
936 1468 1053 1534 dabatur,
1079 1472 1214 1521 naturalem

187 1564 283 1606 otaraen
290 1557 415 1606 discordia
422 1558 518 1606 saudan
525 1572 615 1604 rerum.
624 1554 682 1617 Sed,
715 1553 846 1604 disserendi
866 1557 928 1605 viam
949 1572 977 1604 ao
992 1557 1108 1605 rationem
1125 1560 1215 1606 tenuis-

186 1645 267 1710 inquit
285 1641 343 1705 ille,
359 1641 404 1690 boe
419 1644 497 1708 ipsum
514 1651 549 1689 est
564 1640 682 1706 Epistulae
713 1649 765 1704 set,
780 1642 805 1688 in
819 1641 922 1706 Epistola
938 1639 969 1689 ad
982 1641 1076 1690 Pisones
1089 1641 1161 1707 plane
1173 1642 1214 1692 de·

185 1731 316 1796 proprium.
338 1726 427 1776 Scribis
441 1726 472 1776 ad
487 1729 600 1790 amicum,
618 1727 686 1792 qussi
717 1727 847 1775 seruisset?
862 1726 935 1792 Atqui
950 1725 1033 1775 intuli
1045 1727 1145 1792 epistola
1159 1728 1215 1777 ordo
1276 1778 1279 1785 ,

185 1831 240 1863 cum
259 1830 287 1862 eo
307 1813 415 1880 loquare.
439 1811 548 1862 Ordinem
563 1810 685 1879 cogitandi
714 1813 824 1877 inprimis
836 1810 1010 1877 requirebatur.
1028 1812 1215 1879 Pisones,patcr

186 1909 212 1948 et
233 1901 337 1965 cogitata
353 1896 471 1947 efferendi
485 1914 532 1946 non
548 1907 597 1946 tam
613 1899 684 1946 anxie
717 1906 742 1946 et
757 1896 818 1960 filii,
839 1907 907 1946 erant
923 1897 1039 1962 elegantia
1055 1898 1154 1963 ingenii.
1176 1898 1215 1947 sl-

185 1985 348 2048 obscrvamus,
361 2000 439 2050 neque
455 1982 519 2032 diota
531 1982 621 2048 regulis
633 1982 684 2031 dia·
716 1991 754 2032 ter
766 1999 797 2033 ex
809 1982 881 2045 filiis,
894 1983 969 2032 maior
980 1992 1053 2046 natu,
1066 1984 1121 2032 fieri
1134 1986 1215 2050 cupic-

183 2070 278 2120 leoticis
297 2070 430 2136 alligamus.
452 2069 501 2117 Hoe
518 2078 683 2135 argumentum
712 2067 772 2131 bat,
802 2067 866 2135 quod
889 2070 936 2135 ipsi
958 2079 1044 2118 natura
1069 2082 1214 2135 negaverat,

183 2155 283 2223 plurimi
306 2157 450 2221 interpretes
470 2156 506 2204 ita
522 2164 681 2220 acceperunt,
714 2163 793 2219 poeta.
819 2154 888 2202 Pater
910 2156 1026 2222 aptiorem
1047 2157 1099 2204 foro
1120 2166 1146 2205 et
1166 2157 1214 2206 elo·

185 2252 210 2291 et
223 2240 309 2305 bodie,
322 2243 349 2291 ni
361 2241 447 2304 lallor,
458 2256 538 2288 omnes
550 2240 682 2304 accipiunt,
715 2241 827 2305 quentiae
843 2238 948 2288 videbat.
969 2241 1045 2304 Quare
1061 2258 1075 2289 a
1090 2244 1157 2306 poesi
1173 2242 1213 2292 de-

182 2329 274 2377 utiam
294 2325 324 2376 de
346 2324 427 2375 ordine
447 2342 495 2374 non
510 2324 612 2390 amplius
628 2341 677 2373 esse
709 2324 901 2373 terrere'voluit.
923 2324 1033 2374 Horatius
1046 2325 1091 2376 bac
1107 2328 1211 2392 Epistola

182 2411 342 2480 quaerendum
354 2420 473 2461 censeant.
489 2409 602 2477 Equidem
615 2409 680 2458 baud
711 2408 838 2459 deterruit.
855 2410 895 2457 Est
909 2425 937 2459 ea
950 2409 1046 2476 quidem
1059 2411 1159 2460 similior
1171 2413 1212 2462 Sa·

181 2501 218 2550 ita
232 2515 324 2549 censeo.
346 2496 373 2547 Si
389 2496 500 2546 Horatius
514 2495 576 2545 hanc
591 2496 682 2563 Episto·
713 2496 789 2553 tirae;
815 2505 839 2544 ct
862 2494 920 2545 mali
943 2506 1042 2563 poetae,
1072 2501 1211 2564 praesertim

180 2584 229 2634 lam
243 2582 348 2634 scribere
363 2580 484 2632 debuisset
499 2583 526 2631 in
543 2597 633 2630 summa
645 2582 682 2629 fe-
714 2580 891 2645 adolesoeutes,
907 2583 995 2648 magis,
1012 2593 1040 2631 ut
1055 2584 1165 2649 videtur,
1181 2589 1214 2635 ri·

180 2670 323 2732 stinatione,
345 2676 374 2717 ut
389 2666 457 2717 verbi
475 2683 570 2730 caussa,
592 2668 619 2715 ui
634 2683 682 2715 uno
714 2665 795 2716 dicula
813 2682 884 2733 quam
895 2684 977 2717 severa
989 2667 1148 2720 admonitione
1161 2682 1213 2721 tan-

181 2756 221 2806 die
245 2754 400 2816 absolvisset,
431 2755 483 2802 rita
506 2761 617 2818 ageretur
640 2752 679 2801 vel
711 2760 814 2817 guntin
838 2750 879 2800 sed
899 2753 926 2800 in
946 2752 1023 2803 Satira
1048 2765 1129 2805 tamen
1143 2774 1213 2823 prae·

180 2840 248 2892 aliud
272 2848 333 2890 esset
352 2840 380 2889 in
401 2854 465 2887 mora
486 2837 620 2903 periculum
643 2839 679 2886 in-
712 2846 782 2902 cepta
814 2834 844 2885 de
873 2837 940 2886 Poesi
967 2841 1063 2903 egregia
1092 2845 1210 2907 exposuit.

179 2944 253 2993 gens,
278 2941 390 2976 exemere
414 2924 531 2989 potuisset
554 2922 677 2988 negligen·
708 2921 807 2987 Scripsit
836 2921 963 2988 Epistolam
992 2934 1077 2989 rogatu
1103 2926 1209 2989 Pisonis,

180 3014 252 3075 fiam,
272 3010 379 3077 mauvis
401 3025 432 3057 ne
451 3008 486 3057 sic
507 3005 603 3073 quidem
625 3014 677 3055 tan·
708 3006 775 3056 lente
791 3016 817 3056 et
832 3008 891 3058 otio.
906 3008 964 3057 Nam
976 3024 1066 3058 summa
1079 3008 1208 3061 difficultas

179 3108 241 3147 tam..
254 3098 294 3145 Est
306 3097 355 3145 ita:
371 3096 398 3143 in
411 3092 511 3160 epistola
526 3094 595 3158 quasi
610 3108 678 3158 prse-
709 3108 820 3141 versuum
841 3091 902 3142 bene
924 3093 1109 3145 factitandorum
1129 3095 1209 3146 adole·

178 3192 258 3233 sentes
278 3198 332 3231 cum
347 3178 485 3230 absentibus
500 3179 583 3227 amicis
598 3178 678 3228 consa·
710 3179 787 3227 soenti
819 3177 949 3245 prudenter
979 3190 1030 3229 erat
1054 3181 1207 3233 ostendenda.

178 3269 298 3319 bulrmur.
320 3266 367 3316 Sed
387 3266 427 3315 fao
445 3266 567 3316 Horatium
583 3262 613 3313 de
629 3263 675 3313 tali
706 3262 829 3318 Consuluit
844 3262 919 3313 libros
932 3266 1032 3315 Graecos
1043 3264 1072 3315 de
1086 3278 1138 3317 arte
1150 3271 1207 3319 seri-

177 3363 316 3422 argumeuto
332 3369 387 3403 eum
397 3350 521 3401 Pisonibus
532 3348 613 3400 subito
624 3351 676 3399 aine
708 3359 780 3415 ptos,
795 3349 942 3413 Aristotelis,
959 3361 998 3414 et,
1014 3352 1078 3418 quod
1093 3371 1123 3403 ex
1135 3353 1207 3404 Sobo-

178 3440 333 3491 meditatione
349 3453 427 3488 coram
444 3437 518 3486 fuisse
537 3435 676 3485 confabula·
707 3435 784 3485 limtio
800 3437 964 3502 eognovimus,
981 3438 1145 3503 Neoptolemi,
1167 3458 1207 3491 oo-

178 3536 242 3584 tum;
252 3526 363 3575 Horatius
377 3538 469 3589 semper
481 3531 561 3587 partes
569 3523 676 3589 magistri
706 3523 751 3571 iasa
766 3530 900 3587 praesepta
919 3525 949 3571 a'n
969 3525 1033 3573 boue
1048 3527 1139 3574 libatos
1153 3543 1206 3575 eora-

178 3611 278 3678 agebat,
294 3611 414 3677 loqueatis
429 3607 460 3657 de
473 3624 514 3671 re,
530 3623 601 3673 quam
614 3624 676 3679 unus
704 3609 802 3673 gessit:
813 3619 851 3672 et,
865 3610 886 3657 si
895 3609 1022 3675 Epistolam
1035 3612 1087 3676 ipse
1099 3627 1147 3660 nou
1159 3621 1206 3660 sta-

178 3699 284 3745 omnium
299 3699 388 3763 optime
405 3691 572 3759 intelligebat,
588 3695 614 3743 in
630 3710 677 3759 qua
709 3696 754 3743 tim
770 3693 859 3758 edidit,
877 3705 956 3744 tamen
967 3698 994 3746 in
1006 3698 1110 3746 omnium
1123 3713 1206 3746 manus

177 3782 310 3831 diutissime
330 3784 411 3830 virens
429 3790 455 3829 et
469 3777 580 3828 babitans
596 3788 621 3827 at
637 3795 674 3826 re·
706 3779 833 3847 aliquando
847 3797 896 3830 essa
908 3773 1032 3831 venturam
1044 3782 1142 3832 sciebat.
1161 3785 1206 3848 Qui

176 3883 264 3933 guars,
289 3865 394 3916 ordinem
410 3866 478 3931 sequi
490 3864 605 3913 facillime
621 3874 674 3930 pot·
707 3865 802 3915 tandem
825 3865 883 3915 adeo
905 3884 976 3916 sanae
996 3869 1083 3917 mentis
1097 3866 1205 3931 bomini,

175 3954 228 4015 uit,
249 3968 320 4018 quem
335 3967 378 4000 sua
393 3952 441 4016 ipsi
458 3948 566 3998 doctriua
582 3958 607 3997 et
622 3965 675 3998 sen·
706 3967 736 3999 ne
754 3950 830 4000 dicam
846 3952 956 4014 Horatio,
973 3951 1018 4000 hoo
1033 3953 1059 4001 iu
1072 3969 1123 4002 eam
1140 3970 1205 4004 men-

175 4054 216 4088 sus
236 4035 404 4087 monstrabant.
427 4034 468 4084 Vel
488 4050 563 4082 sermo
583 4035 675 4084 Horatii
706 4045 755 4084 tem
768 4038 849 4085 venire
865 4038 958 4102 potuit,
970 4046 998 4085 ut
1013 4039 1039 4086 iu
1055 4037 1102 4088 tali
1112 4056 1203 4104 mussa,

177 4122 345 4190 extemporalis
366 4121 423 4171 huic
444 4134 528 4169 menae
543 4123 594 4170 sine
611 4120 675 4170 calce
708 4124 738 4172 iis
767 4121 909 4173 adiumentis
930 4133 955 4172 et
979 4124 1094 4189 exemplis
1117 4130 1205 4178 instru-
